% Encoding: UTF-8

@article{Martin-Dussaud:2019ypf,
    author = "Martin-Dussaud, Pierre",
    title = "{A Primer of Group Theory for Loop Quantum Gravity and Spin-foams}",
    eprint = "1902.08439",
    archivePrefix = "arXiv",
    primaryClass = "math-ph",
    doi = "10.1007/s10714-019-2583-5",
    journal = "Gen. Rel. Grav.",
    volume = "51",
    number = "9",
    pages = "110",
    year = "2019"
}

@article{Ciambelli:2019lap,
    author = "Ciambelli, Luca and Leigh, Robert G. and Marteau, Charles and Petropoulos, P. Marios",
    title = "{Carroll Structures, Null Geometry and Conformal Isometries}",
    eprint = "1905.02221",
    archivePrefix = "arXiv",
    primaryClass = "hep-th",
    reportNumber = "CPHT-RR025.052019, CPHT-RR010.022019",
    doi = "10.1103/PhysRevD.100.046010",
    journal = "Phys. Rev. D",
    volume = "100",
    number = "4",
    pages = "046010",
    year = "2019"
}

@article{Arzano:2018oby,
    author = "Arzano, Michele and Kowalski-Glikman, Jerzy",
    title = "{Horizon temperature on the real line}",
    eprint = "1804.10550",
    archivePrefix = "arXiv",
    primaryClass = "hep-th",
    doi = "10.1016/j.physletb.2018.10.019",
    journal = "Phys. Lett. B",
    volume = "788",
    pages = "82--86",
    year = "2019"
}

@article{Marchetti:2022nrf,
    author = {Marchetti, Luca and Oriti, Daniele and Pithis, Andreas G. A. and Th\"urigen, Johannes},
    title = "{Mean-Field Phase Transitions in Tensorial Group Field Theory Quantum Gravity}",
    eprint = "2211.12768",
    archivePrefix = "arXiv",
    primaryClass = "gr-qc",
    doi = "10.1103/PhysRevLett.130.141501",
    journal = "Phys. Rev. Lett.",
    volume = "130",
    number = "14",
    pages = "141501",
    year = "2023"
}

@article{Halliwell:1990qr,
    author = "Halliwell, Jonathan J. and Hartle, James B.",
    title = "{Wave functions constructed from an invariant sum over histories satisfy constraints}",
    reportNumber = "NSF-ITP-90-97",
    doi = "10.1103/PhysRevD.43.1170",
    journal = "Phys. Rev. D",
    volume = "43",
    pages = "1170--1194",
    year = "1991"
}

@article{Oriti:2004yu,
    author = "Oriti, Daniele",
    editor = "Elze, Hans-Thomas",
    title = "{The Feynman propagator for quantum gravity: Spin foams, proper time, orientation, causality and timeless-ordering}",
    eprint = "gr-qc/0412035",
    archivePrefix = "arXiv",
    reportNumber = "DAMTP-2004-145",
    doi = "10.1590/S0103-97332005000300019",
    journal = "Braz. J. Phys.",
    volume = "35",
    pages = "481--488",
    year = "2005"
}

@article{Addazi:2021xuf,
    author = "Addazi, A. and others",
    title = "{Quantum gravity phenomenology at the dawn of the multi-messenger era -- A review}",
    eprint = "2111.05659",
    archivePrefix = "arXiv",
    primaryClass = "hep-ph",
    month = "11",
    year = "2021"
}

@article{Oriti:2006jk,
    author = "Oriti, Daniele and Ryan, James",
    title = "{Group field theory formulation of 3-D quantum gravity coupled to matter fields}",
    eprint = "gr-qc/0602010",
    archivePrefix = "arXiv",
    doi = "10.1088/0264-9381/23/22/027",
    journal = "Class. Quant. Grav.",
    volume = "23",
    pages = "6543--6576",
    year = "2006"
}

@article{Dowdall:2010ej,
    author = "Dowdall, R. J. and Fairbairn, Winston J.",
    title = "{Observables in 3d spinfoam quantum gravity with fermions}",
    eprint = "1003.1847",
    archivePrefix = "arXiv",
    primaryClass = "gr-qc",
    doi = "10.1007/s10714-010-1107-0",
    journal = "Gen. Rel. Grav.",
    volume = "43",
    pages = "1263--1307",
    year = "2011"
}

@article{Oriti:2002bn,
    author = "Oriti, Daniele and Pfeiffer, Hendryk",
    title = "{A Spin foam model for pure gauge theory coupled to quantum gravity}",
    eprint = "gr-qc/0207041",
    archivePrefix = "arXiv",
    reportNumber = "DAMTP-2002-72",
    doi = "10.1103/PhysRevD.66.124010",
    journal = "Phys. Rev. D",
    volume = "66",
    pages = "124010",
    year = "2002"
}

@article{Oriti:2006wq,
    author = "Oriti, Daniele and Tlas, Tamer",
    title = "{Causality and matter propagation in 3-D spin foam quantum gravity}",
    eprint = "gr-qc/0608116",
    archivePrefix = "arXiv",
    reportNumber = "DAMTP-2006-67",
    doi = "10.1103/PhysRevD.74.104021",
    journal = "Phys. Rev. D",
    volume = "74",
    pages = "104021",
    year = "2006"
}

@article{Freidel:1998ua,
    author = "Freidel, Laurent and Krasnov, Kirill",
    title = "{Discrete space-time volume for three-dimensional BF theory and quantum gravity}",
    eprint = "hep-th/9804185",
    archivePrefix = "arXiv",
    reportNumber = "CGPG-98-4-4",
    doi = "10.1088/0264-9381/16/2/003",
    journal = "Class. Quant. Grav.",
    volume = "16",
    pages = "351--362",
    year = "1999"
}

@article{Engle:2011un,
    author = "Engle, Jonathan",
    title = "{Proposed proper Engle-Pereira-Rovelli-Livine vertex amplitude}",
    eprint = "1111.2865",
    archivePrefix = "arXiv",
    primaryClass = "gr-qc",
    doi = "10.1103/PhysRevD.87.084048",
    journal = "Phys. Rev. D",
    volume = "87",
    number = "8",
    pages = "084048",
    year = "2013"
}

@article{Engle:2015mra,
    author = "Engle, Jonathan and Zipfel, Antonia",
    title = "{Lorentzian proper vertex amplitude: Classical analysis and quantum derivation}",
    eprint = "1502.04640",
    archivePrefix = "arXiv",
    primaryClass = "gr-qc",
    doi = "10.1103/PhysRevD.94.064024",
    journal = "Phys. Rev. D",
    volume = "94",
    number = "6",
    pages = "064024",
    year = "2016"
}

@article{Speziale:2007mt,
    author = "Speziale, Simone",
    title = "{Coupling gauge theory to spinfoam 3d quantum gravity}",
    eprint = "0706.1534",
    archivePrefix = "arXiv",
    primaryClass = "gr-qc",
    reportNumber = "PI-QG-46",
    doi = "10.1088/0264-9381/24/20/014",
    journal = "Class. Quant. Grav.",
    volume = "24",
    pages = "5139--5160",
    year = "2007"
}

@article{Asante:2021phx,
    author = {Asante, Seth K. and Dittrich, Bianca and Padua-Arg\"uelles, Jos\'e},
    title = "{Complex actions and causality violations: Applications to Lorentzian quantum cosmology}",
    eprint = "2112.15387",
    archivePrefix = "arXiv",
    primaryClass = "gr-qc",
    month = "12",
    year = "2021"
}

@inproceedings{Oriti:2014uga,
    author = "Oriti, Daniele",
    title = "{Group Field Theory and Loop Quantum Gravity}",
    eprint = "1408.7112",
    archivePrefix = "arXiv",
    primaryClass = "gr-qc",
    month = "8",
    year = "2014"
}

@article{Teitelboim:1981ua,
    author = "Teitelboim, Claudio",
    title = "{Quantum Mechanics of the Gravitational Field}",
    reportNumber = "PRINT-81-0842 (IAS,PRINCETON)",
    doi = "10.1103/PhysRevD.25.3159",
    journal = "Phys. Rev. D",
    volume = "25",
    pages = "3159",
    year = "1982"
}

@Unpublished{slides,
  author = {Daniele Oriti},
  title  = {Slides of Lecture 11},
  url    = {https://www.dropbox.com/sh/gzesvr3dbkksou3/AABwQ1buR4a4HJQcmoa6y_Uxa/Lecture11?dl=0&subfolder_nav_tracking=1},
}

@article{Marchetti:2020xvf,
    author = {Marchetti, Luca and Oriti, Daniele and Pithis, Andreas G. A. and Th\"urigen, Johannes},
    title = "{Phase transitions in tensorial group field theories: Landau-Ginzburg analysis of models with both local and non-local degrees of freedom}",
    eprint = "2110.15336",
    archivePrefix = "arXiv",
    primaryClass = "gr-qc",
    doi = "10.1007/JHEP12(2021)201",
    journal = "JHEP",
    volume = "21",
    pages = "201",
    year = "2020"
}

@article{Marchetti:2022igl,
    author = {Marchetti, Luca and Oriti, Daniele and Pithis, Andreas G. A. and Th\"urigen, Johannes},
    title = "{Phase transitions in TGFT: a Landau-Ginzburg analysis of Lorentzian quantum geometric models}",
    eprint = "2209.04297",
    archivePrefix = "arXiv",
    primaryClass = "gr-qc",
    doi = "10.1007/JHEP02(2023)074",
    journal = "JHEP",
    volume = "02",
    pages = "074",
    year = "2023"
}


@article{Tsirlin2012,
   title={Superposition of ferromagnetic and antiferromagnetic spin chains in the quantum magnet {BaAg2Cu[VO4]2}},
   volume={85},
   ISSN={1550-235X},
   url={http://dx.doi.org/10.1103/PhysRevB.85.014401},
   DOI={10.1103/physrevb.85.014401},
   number={1},
   journal={Physical Review B},
   publisher={American Physical Society (APS)},
   author={Tsirlin, Alexander A. and MÃ¶ller, Angela and Lorenz, Bernd and Skourski, Yurii and Rosner, Helge},
   year={2012},
   month=jan }


@article{Pithis:2018eaq,
    author = {Pithis, Andreas G. A. and Th\"urigen, Johannes},
    title = "{Phase transitions in group field theory: The Landau perspective}",
    eprint = "1808.09765",
    archivePrefix = "arXiv",
    primaryClass = "gr-qc",
    reportNumber = "KCL-PH-TH/2018-39",
    doi = "10.1103/PhysRevD.98.126006",
    journal = "Phys. Rev. D",
    volume = "98",
    number = "12",
    pages = "126006",
    year = "2018"
}

@book{Rovelli:2014ssa,
    author = "Rovelli, Carlo and Vidotto, Francesca",
    title = "{Covariant Loop Quantum Gravity}: {An Elementary Introduction to Quantum Gravity and Spinfoam Theory}",
    isbn = "978-1-107-06962-6, 978-1-316-14729-0",
    publisher = "Cambridge University Press",
    series = "Cambridge Monographs on Mathematical Physics",
    month = "11",
    year = "2014"
}

@article{Buchert:2007ik,
    author = "Buchert, Thomas",
    title = "{Dark Energy from Structure: A Status Report}",
    eprint = "0707.2153",
    archivePrefix = "arXiv",
    primaryClass = "gr-qc",
    doi = "10.1007/s10714-007-0554-8",
    journal = "Gen. Rel. Grav.",
    volume = "40",
    pages = "467--527",
    year = "2008"
}
@article{Buchert:2015iva,
    author = "Buchert, T. and others",
    title = "{Is there proof that backreaction of inhomogeneities is irrelevant in cosmology?}",
    eprint = "1505.07800",
    archivePrefix = "arXiv",
    primaryClass = "gr-qc",
    reportNumber = "HIP-2015-17-TH",
    doi = "10.1088/0264-9381/32/21/215021",
    journal = "Class. Quant. Grav.",
    volume = "32",
    pages = "215021",
    year = "2015"
}

@article{ginzburg1961some,
  title={Some remarks on phase transitions of the second kind and the microscopic theory of ferroelectric materials},
  author={Ginzburg, VL},
  journal={Soviet Phys. Solid State},
  volume={2},
  pages={1824--1834},
  year={1961}
}


@article{levanyuk1959contribution,
  title={Contribution to the theory of light scattering near the second-order phase-transition points},
  author={Levanyuk, AP},
  journal={Sov. Phys. JETP},
  volume={9},
  number={3},
  pages={571--576},
  year={1959}
}

@article{Oriti:2016ueo,
    author = "Oriti, Daniele and Sindoni, Lorenzo and Wilson-Ewing, Edward",
    title = "{Bouncing cosmologies from quantum gravity condensates}",
    eprint = "1602.08271",
    archivePrefix = "arXiv",
    primaryClass = "gr-qc",
    doi = "10.1088/1361-6382/aa549a",
    journal = "Class. Quant. Grav.",
    volume = "34",
    number = "4",
    pages = "04LT01",
    year = "2017"
}

@article{Oriti:2016qtz,
    author = "Oriti, Daniele and Sindoni, Lorenzo and Wilson-Ewing, Edward",
    title = "{Emergent Friedmann dynamics with a quantum bounce from quantum gravity condensates}",
    eprint = "1602.05881",
    archivePrefix = "arXiv",
    primaryClass = "gr-qc",
    doi = "10.1088/0264-9381/33/22/224001",
    journal = "Class. Quant. Grav.",
    volume = "33",
    number = "22",
    pages = "224001",
    year = "2016"
}

@article{Oriti:2014yla,
    author = {Oriti, Daniele and Ryan, James P. and Th\"urigen, Johannes},
    title = "{Group field theories for all loop quantum gravity}",
    eprint = "1409.3150",
    archivePrefix = "arXiv",
    primaryClass = "gr-qc",
    reportNumber = "AEI-2014-044",
    doi = "10.1088/1367-2630/17/2/023042",
    journal = "New J. Phys.",
    volume = "17",
    number = "2",
    pages = "023042",
    year = "2015"
}

@article{Juliano:2024rgu,
    author = {Juliano, Leonardo and Th\"urigen, Johannes},
    title = "{New Fixed Points from Melonic Interactions}",
    eprint = "2406.01368",
    archivePrefix = "arXiv",
    primaryClass = "hep-th",
    month = "6",
    year = "2024"
}


@Article{Duc1967,
  author    = {Dao Vong Duc and Nguyen Van Hieu},
  journal   = {Annales de l'I.H.P. Physique th\'eorique},
  title     = {On the theory of unitary representations of the $SL(2, C)$ group},
  year      = {1967},
  number    = {1},
  pages     = {17--37},
  volume    = {6},
  language  = {en},
  mrnumber  = {213473},
  publisher = {Gauthier-Villars},
  url       = {http://www.numdam.org/item/AIHPA_1967__6_1_17_0/},
  zbl       = {0161.23702},
}

@article{Gielen:2014ila,
    author = "Gielen, Steffen",
    title = "{Quantum cosmology of (loop) quantum gravity condensates: An example}",
    eprint = "1404.2944",
    archivePrefix = "arXiv",
    primaryClass = "gr-qc",
    doi = "10.1088/0264-9381/31/15/155009",
    journal = "Class. Quant. Grav.",
    volume = "31",
    pages = "155009",
    year = "2014"
}

@article{Pithis:2016wzf,
    author = "Pithis, Andreas G. A. and Sakellariadou, Mairi and Tomov, Petar",
    title = "{Impact of nonlinear effective interactions on group field theory quantum gravity condensates}",
    eprint = "1607.06662",
    archivePrefix = "arXiv",
    primaryClass = "gr-qc",
    reportNumber = "KCL-PH-TH-2016-43",
    doi = "10.1103/PhysRevD.94.064056",
    journal = "Phys. Rev. D",
    volume = "94",
    number = "6",
    pages = "064056",
    year = "2016"
}

@article{Gurau:2016cjo,
    author = "Gurau, Razvan",
    title = "{Invitation to Random Tensors}",
    eprint = "1609.06439",
    archivePrefix = "arXiv",
    primaryClass = "hep-th",
    doi = "10.3842/SIGMA.2016.094",
    journal = "SIGMA",
    volume = "12",
    pages = "094",
    year = "2016"
}

@Article{Bojowald2008,
  author   = {Bojowald, Martin},
  journal  = {Living Reviews in Relativity},
  title    = {Loop Quantum Cosmology},
  year     = {2008},
  issn     = {1433-8351},
  number   = {1},
  pages    = {4},
  volume   = {11},
  abstract = {Quantum gravity is expected to be necessary in order to understand situations in which classical general relativity breaks down. In particular in cosmology one has to deal with initial singularities, i.e., the fact that the backward evolution of a classical spacetime inevitably comes to an end after a finite amount of proper time. This presents a breakdown of the classical picture and requires an extended theory for a meaningful description. Since small length scales and high curvatures are involved, quantum effects must play a role. Not only the singularity itself but also the surrounding spacetime is then modified. One particular theory is loop quantum cosmology, an application of loop quantum gravity to homogeneous systems, which removes classical singularities. Its implications can be studied at different levels. The main effects are introduced into effective classical equations, which allow one to avoid the interpretational problems of quantum theory. They give rise to new kinds of early-universe phenomenology with applications to inflation and cyclic models. To resolve classical singularities and to understand the structure of geometry around them, the quantum description is necessary. Classical evolution is then replaced by a difference equation for a wave function, which allows an extension of quantum spacetime beyond classical singularities. One main question is how these homogeneous scenarios are related to full loop quantum gravity, which can be dealt with at the level of distributional symmetric states. Finally, the new structure of spacetime arising in loop quantum gravity and its application to cosmology sheds light on more general issues, such as the nature of time.},
  doi      = {10.12942/lrr-2008-4},
  refid    = {Bojowald2008},
  url      = {https://doi.org/10.12942/lrr-2008-4},
}

@article{Sarno:2018ses,
    author = "Sarno, Giorgio and Speziale, Simone and Stagno, Gabriele V.",
    title = "{2-vertex Lorentzian Spin Foam Amplitudes for Dipole Transitions}",
    eprint = "1801.03771",
    archivePrefix = "arXiv",
    primaryClass = "gr-qc",
    doi = "10.1007/s10714-018-2360-x",
    journal = "Gen. Rel. Grav.",
    volume = "50",
    number = "4",
    pages = "43",
    year = "2018"
}

@article{Krajewski:2010yq,
    author = "Krajewski, Thomas and Magnen, Jacques and Rivasseau, Vincent and Tanasa, Adrian and Vitale, Patrizia",
    title = "{Quantum Corrections in the Group Field Theory Formulation of the EPRL/FK Models}",
    eprint = "1007.3150",
    archivePrefix = "arXiv",
    primaryClass = "gr-qc",
    doi = "10.1103/PhysRevD.82.124069",
    journal = "Phys. Rev. D",
    volume = "82",
    pages = "124069",
    year = "2010"
}

@article{Freidel:2007py,
    author = "Freidel, Laurent and Krasnov, Kirill",
    title = "{A New Spin Foam Model for 4d Gravity}",
    eprint = "0708.1595",
    archivePrefix = "arXiv",
    primaryClass = "gr-qc",
    doi = "10.1088/0264-9381/25/12/125018",
    journal = "Class. Quant. Grav.",
    volume = "25",
    pages = "125018",
    year = "2008"
}

@article{Frisoni:2021uwx,
    author = "Frisoni, Pietropaolo and Gozzini, Francesco and Vidotto, Francesca",
    title = "{Numerical analysis of the self-energy in covariant loop quantum gravity}",
    eprint = "2112.14781",
    archivePrefix = "arXiv",
    primaryClass = "gr-qc",
    doi = "10.1103/PhysRevD.105.106018",
    journal = "Phys. Rev. D",
    volume = "105",
    number = "10",
    pages = "106018",
    year = "2022"
}

@article{Engle:2007wy,
    author = "Engle, Jonathan and Livine, Etera and Pereira, Roberto and Rovelli, Carlo",
    title = "{LQG vertex with finite Immirzi parameter}",
    eprint = "0711.0146",
    archivePrefix = "arXiv",
    primaryClass = "gr-qc",
    doi = "10.1016/j.nuclphysb.2008.02.018",
    journal = "Nucl. Phys. B",
    volume = "799",
    pages = "136--149",
    year = "2008"
}

@article{Han:2023hbe,
    author = "Han, Muxin and Pan, Qiaoyin",
    title = "{Melonic radiative correction in four-dimensional spinfoam model with a cosmological constant}",
    eprint = "2310.04537",
    archivePrefix = "arXiv",
    primaryClass = "gr-qc",
    doi = "10.1103/PhysRevD.109.124050",
    journal = "Phys. Rev. D",
    volume = "109",
    number = "12",
    pages = "124050",
    year = "2024"
}

@article{Dona:2018pxq,
    author = "Don\`a, Pietro",
    title = "{Infrared divergences in the EPRL-FK Spin Foam model}",
    eprint = "1803.00835",
    archivePrefix = "arXiv",
    primaryClass = "gr-qc",
    reportNumber = "IGC-18/2-2, IGC-18-2-2",
    doi = "10.1088/1361-6382/aad38f",
    journal = "Class. Quant. Grav.",
    volume = "35",
    number = "17",
    pages = "175019",
    year = "2018"
}


@article{Perini:2008pd,
    author = "Perini, Claudio and Rovelli, Carlo and Speziale, Simone",
    title = "{Self-energy and vertex radiative corrections in LQG}",
    eprint = "0810.1714",
    archivePrefix = "arXiv",
    primaryClass = "gr-qc",
    doi = "10.1016/j.physletb.2009.10.076",
    journal = "Phys. Lett. B",
    volume = "682",
    pages = "78--84",
    year = "2009"
}

@article{Riello:2013bzw,
    author = "Riello, Aldo",
    title = "{Self-energy of the Lorentzian Engle-Pereira-Rovelli-Livine and Freidel-Krasnov model of quantum gravity}",
    eprint = "1302.1781",
    archivePrefix = "arXiv",
    primaryClass = "gr-qc",
    doi = "10.1103/PhysRevD.88.024011",
    journal = "Phys. Rev. D",
    volume = "88",
    number = "2",
    pages = "024011",
    year = "2013"
}

@phdthesis{Simao:2024chp,
    author = "Sim\~ao, Jos\'e Diogo",
    title = "{Investigations on Lorentzian Spin-foams and Semiclassical Space-times}",
    eprint = "2405.01360",
    archivePrefix = "arXiv",
    primaryClass = "gr-qc",
    type = "{PhD} thesis",
    month = "5",
    year = "2024"
}

@Article{Garrett2014,
  author = {Paul Garrett},
  title  = {rimer of spherical harmonic analysis on SL(2,C)},
  year   = {2014},
  url    = {http://www.math.umn.edu/ Ìgarrett},
}

@article{Gielen:2013kla,
    author = "Gielen, Steffen and Oriti, Daniele and Sindoni, Lorenzo",
    title = "{Cosmology from Group Field Theory Formalism for Quantum Gravity}",
    eprint = "1303.3576",
    archivePrefix = "arXiv",
    primaryClass = "gr-qc",
    reportNumber = "AEI-2013-051, PI-QG-320",
    doi = "10.1103/PhysRevLett.111.031301",
    journal = "Phys. Rev. Lett.",
    volume = "111",
    number = "3",
    pages = "031301",
    year = "2013"
}


@article{Gielen:2013naa,
    author = "Gielen, Steffen and Oriti, Daniele and Sindoni, Lorenzo",
    title = "{Homogeneous cosmologies as group field theory condensates}",
    eprint = "1311.1238",
    archivePrefix = "arXiv",
    primaryClass = "gr-qc",
    reportNumber = "AEI-2013-259",
    doi = "10.1007/JHEP06(2014)013",
    journal = "JHEP",
    volume = "06",
    pages = "013",
    year = "2014"
}

@article{DePietri:1999bx,
    author = "De Pietri, Roberto and Freidel, Laurent and Krasnov, Kirill and Rovelli, Carlo",
    title = "{Barrett-Crane model from a Boulatov-Ooguri field theory over a homogeneous space}",
    eprint = "hep-th/9907154",
    archivePrefix = "arXiv",
    reportNumber = "CGPG-99-7-4",
    doi = "10.1016/S0550-3213(00)00005-5",
    journal = "Nucl. Phys. B",
    volume = "574",
    pages = "785--806",
    year = "2000"
}

@article{Baratin:2011tx,
    author = "Baratin, Aristide and Oriti, Daniele",
    title = "{Quantum simplicial geometry in the group field theory formalism: reconsidering the Barrett-Crane model}",
    eprint = "1108.1178",
    archivePrefix = "arXiv",
    primaryClass = "gr-qc",
    reportNumber = "LPT-ORSAY-11-121",
    doi = "10.1088/1367-2630/13/12/125011",
    journal = "New J. Phys.",
    volume = "13",
    pages = "125011",
    year = "2011"
}

@Book{Ruehl1970,
  author    = {Ruehl, W.},
  publisher = {W A Benjamin, Inc},
  title     = {Lorentz group and harmonic analysis},
  year      = {1970},
  address   = {United States},
  url       = {http://inis.iaea.org/search/search.aspx?orig_q=RN:04047241},
}

@article{Perez:2000ec,
    author = "Perez, Alejandro and Rovelli, Carlo",
    title = "{Spin foam model for Lorentzian general relativity}",
    eprint = "gr-qc/0009021",
    archivePrefix = "arXiv",
    doi = "10.1103/PhysRevD.63.041501",
    journal = "Phys. Rev. D",
    volume = "63",
    pages = "041501",
    year = "2001"
}

@article{Speziale:2016axj,
    author = "Speziale, Simone",
    title = "{Boosting Wigner\textquoteright{}s nj-symbols}",
    eprint = "1609.01632",
    archivePrefix = "arXiv",
    primaryClass = "gr-qc",
    doi = "10.1063/1.4977752",
    journal = "J. Math. Phys.",
    volume = "58",
    number = "3",
    pages = "032501",
    year = "2017"
}

@Book{Lee2012,
  author = {Lee, John},
  title  = {Introduction to smooth manifolds. 2nd revised ed},
  year   = {2012},
  isbn   = {978-1-4419-9981-8},
  month  = {01},
  volume = {218},
  doi    = {10.1007/978-1-4419-9982-5},
}

@Book{Wald1984,
  author    = {Wald, Robert M.},
  publisher = {Chicago Univ. Pr.},
  title     = {{General Relativity}},
  year      = {1984},
  address   = {Chicago, USA},
  doi       = {10.7208/chicago/9780226870373.001.0001},
}

@article{Perez:2017cmj,
    author = "Perez, Alejandro",
    title = "{Black Holes in Loop Quantum Gravity}",
    eprint = "1703.09149",
    archivePrefix = "arXiv",
    primaryClass = "gr-qc",
    doi = "10.1088/1361-6633/aa7e14",
    journal = "Rept. Prog. Phys.",
    volume = "80",
    number = "12",
    pages = "126901",
    year = "2017"
}


@article{Nicolai:2005mc,
    author = "Nicolai, Hermann and Peeters, Kasper and Zamaklar, Marija",
    title = "{Loop quantum gravity: An Outside view}",
    eprint = "hep-th/0501114",
    archivePrefix = "arXiv",
    reportNumber = "AEI-2004-129",
    doi = "10.1088/0264-9381/22/19/R01",
    journal = "Class. Quant. Grav.",
    volume = "22",
    pages = "R193",
    year = "2005"
}

@article{Wieland:2017cmf,
    author = "Wieland, Wolfgang",
    title = "{Fock representation of gravitational boundary modes and the discreteness of the area spectrum}",
    eprint = "1706.00479",
    archivePrefix = "arXiv",
    primaryClass = "gr-qc",
    doi = "10.1007/s00023-017-0598-6",
    journal = "Annales Henri Poincare",
    volume = "18",
    number = "11",
    pages = "3695--3717",
    year = "2017"
}

@Book{WipfRG,
  author    = {Wipf, A.},
  publisher = {Springer},
  title     = {Statistical Approach to Quantum Field Theory},
  year      = {2021},
  address   = {Switzerland},
  doi       = {https://doi.org/10.1007/978-3-030-83263-6},
}

@article{Perez:2003vx,
    author = "Perez, Alejandro",
    title = "{Spin foam models for quantum gravity}",
    eprint = "gr-qc/0301113",
    archivePrefix = "arXiv",
    doi = "10.1088/0264-9381/20/6/202",
    journal = "Class. Quant. Grav.",
    volume = "20",
    pages = "R43",
    year = "2003"
}

@article{Thiemann:2006cf,
    author = "Thiemann, Thomas",
    title = "{Loop Quantum Gravity: An Inside View}",
    eprint = "hep-th/0608210",
    archivePrefix = "arXiv",
    reportNumber = "AEI-2006-066",
    doi = "10.1007/978-3-540-71117-9_10",
    journal = "Lect. Notes Phys.",
    volume = "721",
    pages = "185--263",
    year = "2007"
}


@article{Ellis:1998ct,
    author = "Ellis, George F. R. and van Elst, Henk",
    title = "{Cosmological models: Cargese lectures 1998}",
    eprint = "gr-qc/9812046",
    archivePrefix = "arXiv",
    doi = "10.1007/978-94-011-4455-1_1",
    journal = "NATO Sci. Ser. C",
    volume = "541",
    pages = "1--116",
    year = "1999"
}

@Book{Bojowald2010,
  author    = {Bojowald, Martin},
  publisher = {Cambridge University Press},
  title     = {Canonical Gravity and Applications: Cosmology, Black Holes, and Quantum Gravity},
  year      = {2010},
  doi       = {10.1017/CBO9780511921759},
  place     = {Cambridge},
}

@Book{Ellis2012,
  author    = {Ellis, George F. R. and Maartens, Roy and MacCallum, Malcolm A. H.},
  publisher = {Cambridge University Press},
  title     = {Relativistic Cosmology},
  year      = {2012},
  doi       = {10.1017/CBO9781139014403},
  place     = {Cambridge},
}

@mastersthesis{Oriti:2003wf,
    author = "Oriti, Daniele",
    title = "{Spin foam models of quantum space-time}",
    eprint = "gr-qc/0311066",
    archivePrefix = "arXiv",
    type = "Other thesis",
    month = "11",
    year = "2003"
}

@article{deCesare:2017ynn,
    author = "de Cesare, Marco and Oriti, Daniele and Pithis, Andreas G. A. and Sakellariadou, Mairi",
    title = "{Dynamics of anisotropies close to a cosmological bounce in quantum gravity}",
    eprint = "1709.00994",
    archivePrefix = "arXiv",
    primaryClass = "gr-qc",
    reportNumber = "KCL-PH-TH-2017-41",
    doi = "10.1088/1361-6382/aa986a",
    journal = "Class. Quant. Grav.",
    volume = "35",
    number = "1",
    pages = "015014",
    year = "2018"
}

@book{hormander2015analysis,
  title={The analysis of linear partial differential operators I: Distribution theory and Fourier analysis},
  author={H{\"o}rmander, Lars},
  year={2015},
  publisher={Springer}
}

@article{Li:2017uao,
    author = "Li, Yang and Oriti, Daniele and Zhang, Mingyi",
    title = "{Group field theory for quantum gravity minimally coupled to a scalar field}",
    eprint = "1701.08719",
    archivePrefix = "arXiv",
    primaryClass = "gr-qc",
    doi = "10.1088/1361-6382/aa85d2",
    journal = "Class. Quant. Grav.",
    volume = "34",
    number = "19",
    pages = "195001",
    year = "2017"
}

@article{BenGeloun:2011jnm,
    author = "Ben Geloun, Joseph and Bonzom, Valentin",
    title = "{Radiative corrections in the Boulatov-Ooguri tensor model: The 2-point function}",
    eprint = "1101.4294",
    archivePrefix = "arXiv",
    primaryClass = "hep-th",
    reportNumber = "PI-QG-208, ICMPA-MPA-002-2011",
    doi = "10.1007/s10773-011-0782-2",
    journal = "Int. J. Theor. Phys.",
    volume = "50",
    pages = "2819--2841",
    year = "2011"
}

@article{BenGeloun:2013mgx,
    author = "Ben Geloun, Joseph",
    title = "{On the finite amplitudes for open graphs in Abelian dynamical colored Boulatov\textendash{}Ooguri models}",
    eprint = "1307.8299",
    archivePrefix = "arXiv",
    primaryClass = "hep-th",
    reportNumber = "ICMPA-MPA-2013-009",
    doi = "10.1088/1751-8113/46/40/402002",
    journal = "J. Phys. A",
    volume = "46",
    pages = "402002",
    year = "2013"
}

@article{BenGeloun:2011rc,
    author = "Ben Geloun, Joseph and Rivasseau, Vincent",
    title = "{A Renormalizable 4-Dimensional Tensor Field Theory}",
    eprint = "1111.4997",
    archivePrefix = "arXiv",
    primaryClass = "hep-th",
    reportNumber = "PI-QG-245, LPT-ORSAY-11-99, ICMPA-MPA-2011-017",
    doi = "10.1007/s00220-012-1549-1",
    journal = "Commun. Math. Phys.",
    volume = "318",
    pages = "69--109",
    year = "2013"
}

@article{Freidel:2005qe,
    author = "Freidel, Laurent",
    title = "{Group field theory: An Overview}",
    eprint = "hep-th/0505016",
    archivePrefix = "arXiv",
    doi = "10.1007/s10773-005-8894-1",
    journal = "Int. J. Theor. Phys.",
    volume = "44",
    pages = "1769--1783",
    year = "2005"
}

@inproceedings{Oriti:2011jm,
    author = "Oriti, Daniele",
    title = "{The microscopic dynamics of quantum space as a group field theory}",
    booktitle = "{Foundations of Space and Time: Reflections on Quantum Gravity}",
    eprint = "1110.5606",
    archivePrefix = "arXiv",
    primaryClass = "hep-th",
    pages = "257--320",
    month = "10",
    year = "2011"
}

@article{Oriti:2013aqa,
    author = "Oriti, Daniele",
    title = "{Group field theory as the 2nd quantization of Loop Quantum Gravity}",
    eprint = "1310.7786",
    archivePrefix = "arXiv",
    primaryClass = "gr-qc",
    reportNumber = "AEI-2013-256",
    doi = "10.1088/0264-9381/33/8/085005",
    journal = "Class. Quant. Grav.",
    volume = "33",
    number = "8",
    pages = "085005",
    year = "2016"
}

@inbook{Engle:2023qsu,
    author = "Engle, Jonathan and Speziale, Simone",
    title = "{Spin Foams: Foundations}",
    eprint = "2310.20147",
    archivePrefix = "arXiv",
    primaryClass = "gr-qc",
    doi = "10.1007/978-981-19-3079-9_99-1",
    year = "2023"
}

@article{Bonzom:2009hw,
    author = "Bonzom, Valentin",
    title = "{Spin foam models for quantum gravity from lattice path integrals}",
    eprint = "0905.1501",
    archivePrefix = "arXiv",
    primaryClass = "gr-qc",
    doi = "10.1103/PhysRevD.80.064028",
    journal = "Phys. Rev. D",
    volume = "80",
    pages = "064028",
    year = "2009"
}

@article{Perez:2012wv,
    author = "Perez, Alejandro",
    title = "{The Spin Foam Approach to Quantum Gravity}",
    eprint = "1205.2019",
    archivePrefix = "arXiv",
    primaryClass = "gr-qc",
    doi = "10.12942/lrr-2013-3",
    journal = "Living Rev. Rel.",
    volume = "16",
    pages = "3",
    year = "2013"
}

@article{Gielen:2016dss,
    author = "Gielen, Steffen and Sindoni, Lorenzo",
    title = "{Quantum Cosmology from Group Field Theory Condensates: a Review}",
    eprint = "1602.08104",
    archivePrefix = "arXiv",
    primaryClass = "gr-qc",
    reportNumber = "IMPERIAL-TP-2016-SG-1",
    doi = "10.3842/SIGMA.2016.082",
    journal = "SIGMA",
    volume = "12",
    pages = "082",
    year = "2016"
}

@article{Giddings:1988wv,
    author = "Giddings, Steven B. and Strominger, Andrew",
    title = "{Baby Universes, Third Quantization and the Cosmological Constant}",
    reportNumber = "HUTP-88/A036",
    doi = "10.1016/0550-3213(89)90353-2",
    journal = "Nucl. Phys. B",
    volume = "321",
    pages = "481--508",
    year = "1989"
}

@article{BenGeloun:2018eoe,
    author = "Ben Geloun, Joseph and Kegeles, Alexander and Pithis, Andreas G. A.",
    title = "{Minimizers of the dynamical Boulatov model}",
    eprint = "1806.09961",
    archivePrefix = "arXiv",
    primaryClass = "gr-qc",
    reportNumber = "KCL-PH-TH/2018-7",
    doi = "10.1140/epjc/s10052-018-6483-8",
    journal = "Eur. Phys. J. C",
    volume = "78",
    number = "12",
    pages = "996",
    year = "2018"
}

@article{Magnen:2009at,
    author = "Magnen, Jacques and Noui, Karim and Rivasseau, Vincent and Smerlak, Matteo",
    title = "{Scaling behaviour of three-dimensional group field theory}",
    eprint = "0906.5477",
    archivePrefix = "arXiv",
    primaryClass = "hep-th",
    doi = "10.1088/0264-9381/26/18/185012",
    journal = "Class. Quant. Grav.",
    volume = "26",
    pages = "185012",
    year = "2009"
}

@article{Freidel:2002tg,
    author = "Freidel, Laurent and Louapre, David",
    title = "{Nonperturbative summation over 3-D discrete topologies}",
    eprint = "hep-th/0211026",
    archivePrefix = "arXiv",
    doi = "10.1103/PhysRevD.68.104004",
    journal = "Phys. Rev. D",
    volume = "68",
    pages = "104004",
    year = "2003"
}



@article{Oriti:2016acw,
    author = "Oriti, Daniele",
    title = "{The universe as a quantum gravity condensate}",
    eprint = "1612.09521",
    archivePrefix = "arXiv",
    primaryClass = "gr-qc",
    doi = "10.1016/j.crhy.2017.02.003",
    journal = "Comptes Rendus Physique",
    volume = "18",
    pages = "235--245",
    year = "2017"
}

@article{Marchetti:2021gcv,
    author = "Marchetti, Luca and Oriti, Daniele",
    title = "{Effective dynamics of scalar cosmological perturbations from quantum gravity}",
    eprint = "2112.12677",
    archivePrefix = "arXiv",
    primaryClass = "gr-qc",
    doi = "10.1088/1475-7516/2022/07/004",
    journal = "JCAP",
    volume = "07",
    number = "07",
    pages = "004",
    year = "2022"
}

@inproceedings{Oriti:2021oux,
    author = "Oriti, Daniele",
    title = "{Tensorial Group Field Theory condensate cosmology as an example of spacetime emergence in quantum gravity}",
    eprint = "2112.02585",
    archivePrefix = "arXiv",
    primaryClass = "gr-qc",
    month = "12",
    year = "2021"
}

@article{Pithis:2019tvp,
    author = "Pithis, A. G. A. and Sakellariadou, M.",
    title = "{Group field theory condensate cosmology: An appetizer}",
    eprint = "1904.00598",
    archivePrefix = "arXiv",
    primaryClass = "gr-qc",
    reportNumber = "KCL-PH-TH/2019-41",
    doi = "10.3390/universe5060147",
    journal = "Universe",
    volume = "5",
    number = "6",
    pages = "147",
    year = "2019"
}

@article{Barrett:1997gw,
    author = "Barrett, John W. and Crane, Louis",
    title = "{Relativistic spin networks and quantum gravity}",
    eprint = "gr-qc/9709028",
    archivePrefix = "arXiv",
    doi = "10.1063/1.532254",
    journal = "J. Math. Phys.",
    volume = "39",
    pages = "3296--3302",
    year = "1998"
}

@article{Szabados:2004xxa,
    author = "Szabados, Laszlo B.",
    title = "{Quasi-Local Energy-Momentum and Angular Momentum in GR: A Review Article}",
    doi = "10.12942/lrr-2004-4",
    journal = "Living Rev. Rel.",
    volume = "7",
    pages = "4",
    year = "2004"
}

@book{pitaevskii2016bose,
  title={Bose-Einstein condensation and superfluidity},
  author={Pitaevskii, Lev and Stringari, Sandro},
  volume={164},
  year={2016},
  publisher={Oxford University Press}
}

@article{Barrett:1999qw,
    author = "Barrett, John W. and Crane, Louis",
    title = "{A Lorentzian signature model for quantum general relativity}",
    eprint = "gr-qc/9904025",
    archivePrefix = "arXiv",
    doi = "10.1088/0264-9381/17/16/302",
    journal = "Class. Quant. Grav.",
    volume = "17",
    pages = "3101--3118",
    year = "2000"
}


@article{Perez:2000ep,
    author = "Perez, Alejandro and Rovelli, Carlo",
    title = "{3+1 spinfoam model of quantum gravity with space - like and time - like components}",
    eprint = "gr-qc/0011037",
    archivePrefix = "arXiv",
    doi = "10.1103/PhysRevD.64.064002",
    journal = "Phys. Rev. D",
    volume = "64",
    pages = "064002",
    year = "2001"
}

@article{Rovelli:2001bq,
    author = "Rovelli, Carlo",
    title = "{A Note on the foundation of relativistic mechanics}",
    eprint = "gr-qc/0111037",
    archivePrefix = "arXiv",
    month = "11",
    year = "2001"
}

@book{Rovelli:2004tv,
    author = "Rovelli, Carlo",
    title = "{Quantum gravity}",
    doi = "10.1017/CBO9780511755804",
    publisher = "Univ. Pr.",
    address = "Cambridge, UK",
    series = "Cambridge Monographs on Mathematical Physics",
    year = "2004"
}

@article{Oriti:2018bwr,
    author = "Oriti, Daniele and Rosati, Giacomo",
    title = "{Noncommutative Fourier transform for the Lorentz group via the Duflo map}",
    eprint = "1812.08616",
    archivePrefix = "arXiv",
    primaryClass = "hep-th",
    doi = "10.1103/PhysRevD.99.106005",
    journal = "Phys. Rev. D",
    volume = "99",
    number = "10",
    pages = "106005",
    year = "2019"
}

@article{BenGeloun:2016tmc,
    author = "Ben Geloun, Joseph and Koslowski, Tim A.",
    title = "{Nontrivial UV behavior of rank-4 tensor field models for quantum gravity}",
    eprint = "1606.04044",
    archivePrefix = "arXiv",
    primaryClass = "gr-qc",
    month = "6",
    year = "2016"
}

@article{Eichhorn:2014xaa,
    author = "Eichhorn, Astrid and Koslowski, Tim",
    title = "{Towards phase transitions between discrete and continuum quantum spacetime from the Renormalization Group}",
    eprint = "1408.4127",
    archivePrefix = "arXiv",
    primaryClass = "gr-qc",
    doi = "10.1103/PhysRevD.90.104039",
    journal = "Phys. Rev. D",
    volume = "90",
    number = "10",
    pages = "104039",
    year = "2014"
}

@article{Eichhorn:2013isa,
    author = "Eichhorn, Astrid and Koslowski, Tim",
    title = "{Continuum limit in matrix models for quantum gravity from the Functional Renormalization Group}",
    eprint = "1309.1690",
    archivePrefix = "arXiv",
    primaryClass = "gr-qc",
    doi = "10.1103/PhysRevD.88.084016",
    journal = "Phys. Rev. D",
    volume = "88",
    pages = "084016",
    year = "2013"
}


@article{Sfondrini:2010zm,
    author = "Sfondrini, Alessandro and Koslowski, Tim A.",
    title = "{Functional Renormalization of Noncommutative Scalar Field Theory}",
    eprint = "1006.5145",
    archivePrefix = "arXiv",
    primaryClass = "hep-th",
    doi = "10.1142/S0217751X11054048",
    journal = "Int. J. Mod. Phys. A",
    volume = "26",
    pages = "4009--4051",
    year = "2011"
}

@Article{Peter1927,
  author  = {Peter, F. and Weyl, H.},
  journal = {Mathematische Annalen},
  title   = {Die VollstÃ¤ndigkeit der primitiven Darstellungen einer geschlossenen kontinuierlichen Gruppe},
  year    = {1927},
  issn    = {1432-1807},
  number  = {1},
  pages   = {737--755},
  volume  = {97},
  doi     = {10.1007/BF01447892},
  refid   = {Peter1927},
  url     = {https://doi.org/10.1007/BF01447892},
}

@article{Ashtekar:1993wf,
    author = "Ashtekar, Abhay and Lewandowski, Jerzy",
    title = "{Representation theory of analytic holonomy C* algebras}",
    eprint = "gr-qc/9311010",
    archivePrefix = "arXiv",
    reportNumber = "CGPG-93-8-1",
    month = "11",
    year = "1993"
}

@article{Oriti:2006se,
    author = "Oriti, Daniele",
    title = "{The Group field theory approach to quantum gravity}",
    eprint = "gr-qc/0607032",
    archivePrefix = "arXiv",
    reportNumber = "DAMTP-2006-54",
    pages = "310--331",
    month = "7",
    year = "2006"
}

@article{Baratin:2010wi,
    author = "Baratin, Aristide and Oriti, Daniele",
    title = "{Group field theory with non-commutative metric variables}",
    eprint = "1002.4723",
    archivePrefix = "arXiv",
    primaryClass = "hep-th",
    doi = "10.1103/PhysRevLett.105.221302",
    journal = "Phys. Rev. Lett.",
    volume = "105",
    pages = "221302",
    year = "2010"
}

@article{Bakas:1989mz,
    author = "Bakas, I.",
    title = "{The Structure of the $W$(infinity) Algebra}",
    reportNumber = "MdDP-PP-90-085",
    doi = "10.1007/BF02098443",
    journal = "Commun. Math. Phys.",
    volume = "134",
    pages = "487--508",
    year = "1990"
}

@article{Bakas:1990sh,
    author = "Bakas, Ioannis and Kiritsis, Elias B.",
    title = "{Structure and representations of the W(infinity) algebra}",
    reportNumber = "UCB-PTH-90-33, LBL-29394, UMD-PP-90-272",
    doi = "10.1143/PTPS.102.15",
    journal = "Prog. Theor. Phys. Suppl.",
    volume = "102",
    pages = "15--38",
    year = "1990"
}

@article{Kumar:1999fx,
    author = "Kumar, J.",
    title = "{Conformal mechanics and the Virasoro algebra}",
    eprint = "hep-th/9901139",
    archivePrefix = "arXiv",
    reportNumber = "SU-ITP-9901",
    doi = "10.1088/1126-6708/1999/04/006",
    journal = "JHEP",
    volume = "04",
    pages = "006",
    year = "1999"
}

@article{Cacciatori:1999rp,
    author = "Cacciatori, Sergio and Klemm, Dietmar and Zanon, Daniela",
    title = "{W(infinity) algebras, conformal mechanics, and black holes}",
    eprint = "hep-th/9910065",
    archivePrefix = "arXiv",
    reportNumber = "IFUM-645-FT, UTF-436",
    doi = "10.1088/0264-9381/17/8/301",
    journal = "Class. Quant. Grav.",
    volume = "17",
    pages = "1731--1748",
    year = "2000"
}

@article{Mignemi:2000cv,
    author = "Mignemi, S.",
    title = "{A Note on the infinite dimensional symmetries of classical Hamiltonian systems}",
    eprint = "hep-th/0004150",
    archivePrefix = "arXiv",
    reportNumber = "INFN-CA-TH-0007",
    month = "4",
    year = "2000"
}

@inproceedings{Pope:1991ig,
    author = "Pope, C. N.",
    title = "{Lectures on W algebras and W gravity}",
    booktitle = "{Summer School in High-energy Physics and Cosmology}",
    eprint = "hep-th/9112076",
    archivePrefix = "arXiv",
    reportNumber = "CTP-TAMU-103-91",
    pages = "827--867",
    month = "12",
    year = "1991"
}

@article{Guedes:2013vi,
    author = "Guedes, Carlos and Oriti, Daniele and Raasakka, Matti",
    title = "{Quantization maps, algebra representation and non-commutative Fourier transform for Lie groups}",
    eprint = "1301.7750",
    archivePrefix = "arXiv",
    primaryClass = "math-ph",
    reportNumber = "AEI-2013-045",
    doi = "10.1063/1.4818638",
    journal = "J. Math. Phys.",
    volume = "54",
    pages = "083508",
    year = "2013"
}

@article{Banerjee:2011qu,
    author = "Banerjee, Kinjal and Calcagni, Gianluca and Martin-Benito, Mercedes",
    title = "{Introduction to loop quantum cosmology}",
    eprint = "1109.6801",
    archivePrefix = "arXiv",
    primaryClass = "gr-qc",
    doi = "10.3842/SIGMA.2012.016",
    journal = "SIGMA",
    volume = "8",
    pages = "016",
    year = "2012"
}

@article{Wilson-Ewing:2016yan,
    author = "Wilson-Ewing, Edward",
    title = "{Testing loop quantum cosmology}",
    eprint = "1612.04551",
    archivePrefix = "arXiv",
    primaryClass = "gr-qc",
    doi = "10.1016/j.crhy.2017.02.004",
    journal = "Comptes Rendus Physique",
    volume = "18",
    pages = "207--225",
    year = "2017"
}


@inproceedings{Dona:2010hm,
    author = "Dona, Pietro and Speziale, Simone",
    title = "{Introductory lectures to loop quantum gravity}",
    booktitle = "{Gravitation: Theory and Experiment, 3rd School on Theoretical Physics}",
    eprint = "1007.0402",
    archivePrefix = "arXiv",
    primaryClass = "gr-qc",
    pages = "89--140",
    month = "7",
    year = "2010"
}

@article{Perez:2005pm,
    author = "Perez, Alejandro and Rovelli, Carlo",
    title = "{Physical effects of the Immirzi parameter}",
    eprint = "gr-qc/0505081",
    archivePrefix = "arXiv",
    doi = "10.1103/PhysRevD.73.044013",
    journal = "Phys. Rev. D",
    volume = "73",
    pages = "044013",
    year = "2006"
}


@article{Langvik:2020nrs,
    author = {L\r{a}ngvik, Miklos and Ojanper\"a, Juha-Matti and Raatikainen, Sami and R\"as\"anen, Syksy},
    title = "{Higgs inflation with the Holst and the Nieh\textendash{}Yan term}",
    eprint = "2007.12595",
    archivePrefix = "arXiv",
    primaryClass = "astro-ph.CO",
    reportNumber = "HIP-2020-22/TH",
    doi = "10.1103/PhysRevD.103.083514",
    journal = "Phys. Rev. D",
    volume = "103",
    number = "8",
    pages = "083514",
    year = "2021"
}

@article{Arnowitt:1962hi,
    author = "Arnowitt, Richard L. and Deser, Stanley and Misner, Charles W.",
    title = "{The Dynamics of general relativity}",
    eprint = "gr-qc/0405109",
    archivePrefix = "arXiv",
    doi = "10.1007/s10714-008-0661-1",
    journal = "Gen. Rel. Grav.",
    volume = "40",
    pages = "1997--2027",
    year = "2008"
}

@article{Corichi:2016zac,
    author = "Corichi, Alejandro and Rubalcava-Garc\'\i{}a, Irais and Vuka\v{s}inac, Tatjana",
    title = "{Actions, topological terms and boundaries in first-order gravity: A review}",
    eprint = "1604.07764",
    archivePrefix = "arXiv",
    primaryClass = "gr-qc",
    doi = "10.1142/S0218271816300111",
    journal = "Int. J. Mod. Phys. D",
    volume = "25",
    number = "04",
    pages = "1630011",
    year = "2016"
}

@article{Freidel:2005sn,
    author = "Freidel, Laurent and Minic, Djordje and Takeuchi, Tatsu",
    title = "{Quantum gravity, torsion, parity violation and all that}",
    eprint = "hep-th/0507253",
    archivePrefix = "arXiv",
    reportNumber = "VPI-IPPAP-05-02",
    doi = "10.1103/PhysRevD.72.104002",
    journal = "Phys. Rev. D",
    volume = "72",
    pages = "104002",
    year = "2005"
}

@article{Ashtekar:1988sw,
    author = "Ashtekar, Abhay and Balachandran, A. P. and Jo, Sang",
    title = "{The {CP} Problem in Quantum Gravity}",
    reportNumber = "SU-4228-386",
    doi = "10.1142/S0217751X89000649",
    journal = "Int. J. Mod. Phys. A",
    volume = "4",
    pages = "1493",
    year = "1989"
}

@article{Contaldi:2008yz,
    author = "Contaldi, Carlo R. and Magueijo, Joao and Smolin, Lee",
    title = "{Anomalous CMB polarization and gravitational chirality}",
    eprint = "0806.3082",
    archivePrefix = "arXiv",
    primaryClass = "astro-ph",
    doi = "10.1103/PhysRevLett.101.141101",
    journal = "Phys. Rev. Lett.",
    volume = "101",
    pages = "141101",
    year = "2008"
}

@article{Fairbairn:2007sv,
    author = "Fairbairn, Winston J. and Livine, Etera R.",
    title = "{3d Spinfoam Quantum Gravity: Matter as a Phase of the Group Field Theory}",
    eprint = "gr-qc/0702125",
    archivePrefix = "arXiv",
    doi = "10.1088/0264-9381/24/20/021",
    journal = "Class. Quant. Grav.",
    volume = "24",
    pages = "5277--5297",
    year = "2007"
}

@article{Hohenberg:2015jgf,
    author = "Hohenberg, P. C. and Krekhov, A. P.",
    title = "{An introduction to the Ginzburg\textendash{}Landau theory of phase transitions and nonequilibrium patterns}",
    doi = "10.1016/j.physrep.2015.01.001",
    journal = "Phys. Rept.",
    volume = "572",
    pages = "1--42",
    year = "2015"
}

@book{Zinn-Justin:2007uvz,
    author = "Zinn-Justin, Jean",
    title = "{Phase transitions and renormalization group}",
    year = "2013",
    publisher = "Oxford University Press",
    isbn = " 978-0199665167"
}

@article{Zinn-Justin:2002ecy,
    author = "Zinn-Justin, Jean",
    title = "{Quantum field theory and critical phenomena}",
    journal = "Int. Ser. Monogr. Phys.",
    volume = "113",
    pages = "1--1054",
    year = "2002"
}

@book{Kopietz:2010zz,
    author = {Kopietz, Peter and Bartosch, Lorenz and Sch\"utz, Florian},
    title = "{Introduction to the functional renormalization group}",
    doi = "10.1007/978-3-642-05094-7",
    volume = "798",
    year = "2010"
}

@article{Livine:2011yb,
    author = "Livine, Etera R. and Oriti, Daniele and Ryan, James P.",
    title = "{Effective Hamiltonian Constraint from Group Field Theory}",
    eprint = "1104.5509",
    archivePrefix = "arXiv",
    primaryClass = "gr-qc",
    doi = "10.1088/0264-9381/28/24/245010",
    journal = "Class. Quant. Grav.",
    volume = "28",
    pages = "245010",
    year = "2011"
}

@article{Livine:2024hhc,
    author = "Livine, Etera R.",
    title = "{Spinfoam Models for Quantum Gravity: Overview}",
    eprint = "2403.09364",
    archivePrefix = "arXiv",
    primaryClass = "gr-qc",
    month = "3",
    year = "2024"
}

@article{Geloun:2023ray,
    author = {Geloun, Joseph Ben and Pithis, Andreas G. A. and Th\"urigen, Johannes},
    title = "{QFT with tensorial and local degrees of freedom: Phase structure from functional renormalization}",
    eprint = "2305.06136",
    archivePrefix = "arXiv",
    primaryClass = "hep-th",
    doi = "10.1063/5.0158724",
    journal = "J. Math. Phys.",
    volume = "65",
    number = "3",
    pages = "032302",
    year = "2024"
}

@article{Berges:2000ew,
    author = "Berges, Juergen and Tetradis, Nikolaos and Wetterich, Christof",
    title = "{Nonperturbative renormalization flow in quantum field theory and statistical physics}",
    eprint = "hep-ph/0005122",
    archivePrefix = "arXiv",
    reportNumber = "MIT-CTP-2980, HD-THEP-00-26",
    doi = "10.1016/S0370-1573(01)00098-9",
    journal = "Phys. Rept.",
    volume = "363",
    pages = "223--386",
    year = "2002"
}

@article{Dupuis:2020fhh,
    author = "Dupuis, N. and Canet, L. and Eichhorn, A. and Metzner, W. and Pawlowski, J. M. and Tissier, M. and Wschebor, N.",
    title = "{The nonperturbative functional renormalization group and its applications}",
    eprint = "2006.04853",
    archivePrefix = "arXiv",
    primaryClass = "cond-mat.stat-mech",
    doi = "10.1016/j.physrep.2021.01.001",
    journal = "Phys. Rept.",
    volume = "910",
    pages = "1--114",
    year = "2021"
}

@article{Delamotte:2007pf,
    author = "Delamotte, Bertrand",
    title = "{An Introduction to the nonperturbative renormalization group}",
    eprint = "cond-mat/0702365",
    archivePrefix = "arXiv",
    doi = "10.1007/978-3-642-27320-9_2",
    journal = "Lect. Notes Phys.",
    volume = "852",
    pages = "49--132",
    year = "2012"
}

@article{Rezende:2009sv,
    author = "Rezende, Danilo Jimenez and Perez, Alejandro",
    title = "{4d Lorentzian Holst action with topological terms}",
    eprint = "0902.3416",
    archivePrefix = "arXiv",
    primaryClass = "gr-qc",
    doi = "10.1103/PhysRevD.79.064026",
    journal = "Phys. Rev. D",
    volume = "79",
    pages = "064026",
    year = "2009"
}

@article{Baratin:2010nn,
    author = "Baratin, A. and Dittrich, B. and Oriti, D. and Tambornino, J.",
    title = "{Non-commutative flux representation for loop quantum gravity}",
    eprint = "1004.3450",
    archivePrefix = "arXiv",
    primaryClass = "hep-th",
    doi = "10.1088/0264-9381/28/17/175011",
    journal = "Class. Quant. Grav.",
    volume = "28",
    pages = "175011",
    year = "2011"
}

@Article{Giesel2008,
  author   = {Giesel, Kristina},
  journal  = {International Journal of Modern Physics A},
  title    = {Introduction to Dirac Observables},
  year     = {2008},
  number   = {08},
  pages    = {1190-1199},
  volume   = {23},
  abstract = {We give a brief introduction to Dirac observables and review the general construction of such Dirac observables for constrained systems in the framework of the Relational Formalism introduced by Rovelli1 and further mathematically developed by Dittrich.2 Finally we birefly discuss appropriate clocks for General Relativity and the evolution of observables generated by a so called physical Hamiltonian.},
  doi      = {10.1142/S0217751X08040056},
  eprint   = {https://doi.org/10.1142/S0217751X08040056},
  url      = {https://doi.org/10.1142/S0217751X08040056},
}

@article{Ashtekar:2004eh,
    author = "Ashtekar, Abhay and Lewandowski, Jerzy",
    title = "{Background independent quantum gravity: A Status report}",
    eprint = "gr-qc/0404018",
    archivePrefix = "arXiv",
    doi = "10.1088/0264-9381/21/15/R01",
    journal = "Class. Quant. Grav.",
    volume = "21",
    pages = "R53",
    year = "2004"
}

@article{Thiemann:2005zg,
    author = "Thiemann, Thomas",
    title = "{Quantum spin dynamics. VIII. The Master constraint}",
    eprint = "gr-qc/0510011",
    archivePrefix = "arXiv",
    reportNumber = "AEI-2005-152",
    doi = "10.1088/0264-9381/23/7/003",
    journal = "Class. Quant. Grav.",
    volume = "23",
    pages = "2249--2266",
    year = "2006"
}

@article{Oriti:2021rvm,
    author = "Oriti, Daniele and Pang, Xiankai",
    title = "{Phantom-like dark energy from quantum gravity}",
    eprint = "2105.03751",
    archivePrefix = "arXiv",
    primaryClass = "gr-qc",
    month = "5",
    year = "2021"
}

@article{Boulatov:1992vp,
    author = "Boulatov, D. V.",
    title = "{A Model of three-dimensional lattice gravity}",
    eprint = "hep-th/9202074",
    archivePrefix = "arXiv",
    reportNumber = "SACLAY-SPH-T-92-017",
    doi = "10.1142/S0217732392001324",
    journal = "Mod. Phys. Lett. A",
    volume = "7",
    pages = "1629--1646",
    year = "1992"
}

@article{Gielen:2016uft,
    author = "Gielen, Steffen",
    title = "{Emergence of a low spin phase in group field theory condensates}",
    eprint = "1604.06023",
    archivePrefix = "arXiv",
    primaryClass = "gr-qc",
    reportNumber = "IMPERIAL-TP-2016-SG-2",
    doi = "10.1088/0264-9381/33/22/224002",
    journal = "Class. Quant. Grav.",
    volume = "33",
    number = "22",
    pages = "224002",
    year = "2016"
}

@article{Benedetti:2014gja,
    author = "Benedetti, Dario",
    title = "{Critical behavior in spherical and hyperbolic spaces}",
    eprint = "1403.6712",
    archivePrefix = "arXiv",
    primaryClass = "cond-mat.stat-mech",
    reportNumber = "AEI-2014-008",
    doi = "10.1088/1742-5468/2015/01/P01002",
    journal = "J. Stat. Mech.",
    volume = "1501",
    pages = "P01002",
    year = "2015"
}

@phdthesis{Carrozza:2013oiy,
    author = "Carrozza, Sylvain",
    title = "{Tensorial methods and renormalization in Group Field Theories}",
    eprint = "1310.3736",
    archivePrefix = "arXiv",
    primaryClass = "hep-th",
    reportNumber = "tel-00872784, 2013PA112147",
    doi = "10.1007/978-3-319-05867-2",
    school = "Orsay, LPT",
    year = "2013"
}

@article{Dekhil:2024ssa,
    author = "Dekhil, Roukaya and Jercher, Alexander F. and Oriti, Daniele and Pithis, Andreas G. A.",
    title = "{Scale invariance beyond criticality within the mean-field analysis of tensorial field theories}",
    eprint = "2404.04524",
    archivePrefix = "arXiv",
    primaryClass = "hep-th",
    month = "4",
    year = "2024"
}

@article{Kuno:2023xyz,
    author = "Kuno, Yoshihito and Hatsugai, Yasuhiro",
    title = "{{$\mathbb{Z}_2\times\mathbb{Z}_2$} symmetry and {$\mathbb{Z}_4$ Berry} phase of bosonic ladder}",
    eprint = "2304.09533",
    archivePrefix = "arXiv",
    primaryClass = "cond-mat",
    month = "4",
    year = "2023"
}

@article{Kennedy1992,
  title = {Hidden {${\mathbb{Z}}_{2}\times{\mathbb{Z}}_{2}$} symmetry breaking in {Haldane}-gap antiferromagnets},
  author = {Kennedy, Tom and Tasaki, Hal},
  journal = {Phys. Rev. B},
  volume = {45},
  issue = {1},
  pages = {304--307},
  numpages = {0},
  year = {1992},
  month = {Jan},
  publisher = {American Physical Society},
  doi = {10.1103/PhysRevB.45.304},
  url = {https://link.aps.org/doi/10.1103/PhysRevB.45.304}
}

@article{williams2009quantum,
  title={Quantum Regge calculus},
  author={Williams, RM},
  journal={Approaches to Quantum Gravity, Editor D. Oriti, Cambridge University Press, Cambridge},
  pages={360--377},
  year={2009}
}


@article{Wilson:1983xri,
    author = "Wilson, K. G.",
    title = "{The renormalization group and critical phenomena}",
    doi = "10.1103/RevModPhys.55.583",
    journal = "Rev. Mod. Phys.",
    volume = "55",
    pages = "583--600",
    year = "1983"
}

@article{Gurau:2010mhz,
    author = "Gurau, Razvan",
    title = "{Topological Graph Polynomials in Colored Group Field Theory}",
    eprint = "0911.1945",
    archivePrefix = "arXiv",
    primaryClass = "hep-th",
    reportNumber = "PI-QG-165",
    doi = "10.1007/s00023-010-0035-6",
    journal = "Annales Henri Poincare",
    volume = "11",
    pages = "565--584",
    year = "2010"
}

@article{Gurau:2009tw,
    author = "Gurau, Razvan",
    title = "{Colored Group Field Theory}",
    eprint = "0907.2582",
    archivePrefix = "arXiv",
    primaryClass = "hep-th",
    reportNumber = "PI-QG-138",
    doi = "10.1007/s00220-011-1226-9",
    journal = "Commun. Math. Phys.",
    volume = "304",
    pages = "69--93",
    year = "2011"
}

@article{DePietri:2000ii,
    author = "De Pietri, Roberto and Petronio, Carlo",
    title = "{Feynman diagrams of generalized matrix models and the associated manifolds in dimension 4}",
    eprint = "gr-qc/0004045",
    archivePrefix = "arXiv",
    doi = "10.1063/1.1290053",
    journal = "J. Math. Phys.",
    volume = "41",
    pages = "6671--6688",
    year = "2000"
}

@article{Gurau:2019qag,
    author = "Gurau, Razvan G.",
    title = "{Notes on tensor models and tensor field theories}",
    eprint = "1907.03531",
    archivePrefix = "arXiv",
    primaryClass = "hep-th",
    doi = "10.4171/aihpd/117",
    journal = "Ann. Inst. H. Poincare D Comb. Phys. Interact.",
    volume = "9",
    number = "1",
    pages = "159--218",
    year = "2022"
}

@article{Gurau:2011xp,
    author = "Gurau, Razvan and Ryan, James P.",
    title = "{Colored Tensor Models - a review}",
    eprint = "1109.4812",
    archivePrefix = "arXiv",
    primaryClass = "hep-th",
    reportNumber = "PI-QG-238",
    doi = "10.3842/SIGMA.2012.020",
    journal = "SIGMA",
    volume = "8",
    pages = "020",
    year = "2012"
}

@article{Gurau:2011tj,
    author = "Gurau, Razvan",
    title = "{A generalization of the Virasoro algebra to arbitrary dimensions}",
    eprint = "1105.6072",
    archivePrefix = "arXiv",
    primaryClass = "hep-th",
    reportNumber = "PI-QG-226",
    doi = "10.1016/j.nuclphysb.2011.07.009",
    journal = "Nucl. Phys. B",
    volume = "852",
    pages = "592--614",
    year = "2011"
}

@article{Gurau:2011kk,
    author = "Gurau, Razvan",
    title = "{Universality for Random Tensors}",
    eprint = "1111.0519",
    archivePrefix = "arXiv",
    primaryClass = "math.PR",
    doi = "10.1214/13-AIHP567",
    journal = "Ann. Inst. H. Poincare Probab. Statist.",
    volume = "50",
    number = "4",
    pages = "1474--1525",
    year = "2014"
}

@book{Vachaspati:2006zz,
    author = "Vachaspati, Tanmay",
    title = "{Kinks and domain walls: An introduction to classical and quantum solitons}",
    isbn = "978-0-521-14191-8, 978-0-521-83605-0, 978-0-511-24290-8",
    publisher = "Cambridge University Press",
    month = "4",
    year = "2010"
}

@article{Caravelli:2010nh,
    author = "Caravelli, Francesco",
    title = "{A Simple Proof of Orientability in Colored Group Field Theory}",
    eprint = "1012.4087",
    archivePrefix = "arXiv",
    primaryClass = "math-ph",
    doi = "10.1186/2193-1801-1-6",
    journal = "SpringerPlus",
    volume = "1",
    pages = "6",
    year = "2012"
}

@article{Pithis:2016cxg,
    author = "Pithis, Andreas G. A. and Sakellariadou, M.",
    title = "{Relational evolution of effectively interacting group field theory quantum gravity condensates}",
    eprint = "1612.02456",
    archivePrefix = "arXiv",
    primaryClass = "gr-qc",
    reportNumber = "KCL-PH-TH-2016-66",
    doi = "10.1103/PhysRevD.95.064004",
    journal = "Phys. Rev. D",
    volume = "95",
    number = "6",
    pages = "064004",
    year = "2017"
}

@article{Dittrich:2021kzs,
    author = "Dittrich, Bianca",
    title = "{Modified Graviton Dynamics From Spin Foams: The Area Regge Action}",
    eprint = "2105.10808",
    archivePrefix = "arXiv",
    primaryClass = "gr-qc",
    month = "5",
    year = "2021"
}

@article{Kaminski:2007gm,
    author = "Kaminski, Wojciech and Lewandowski, Jerzy",
    title = "{The Flat FRW model in LQC: The Self-adjointness}",
    eprint = "0709.3120",
    archivePrefix = "arXiv",
    primaryClass = "gr-qc",
    doi = "10.1088/0264-9381/25/3/035001",
    journal = "Class. Quant. Grav.",
    volume = "25",
    pages = "035001",
    year = "2008"
}

@article{Ashtekar:2011ni,
    author = "Ashtekar, Abhay and Singh, Parampreet",
    title = "{Loop Quantum Cosmology: A Status Report}",
    eprint = "1108.0893",
    archivePrefix = "arXiv",
    primaryClass = "gr-qc",
    doi = "10.1088/0264-9381/28/21/213001",
    journal = "Class. Quant. Grav.",
    volume = "28",
    pages = "213001",
    year = "2011"
}

@article{Ashtekar:2021kfp,
    author = "Ashtekar, Abhay and Bianchi, Eugenio",
    title = "{A short review of loop quantum gravity}",
    eprint = "2104.04394",
    archivePrefix = "arXiv",
    primaryClass = "gr-qc",
    doi = "10.1088/1361-6633/abed91",
    journal = "Rept. Prog. Phys.",
    volume = "84",
    number = "4",
    pages = "042001",
    year = "2021"
}

@article{Alesci:2016gub,
    author = "Alesci, Emanuele and Cianfrani, Francesco",
    title = "{Quantum Reduced Loop Gravity and the foundation of Loop Quantum Cosmology}",
    eprint = "1602.05475",
    archivePrefix = "arXiv",
    primaryClass = "gr-qc",
    doi = "10.1142/S0218271816420050",
    journal = "Int. J. Mod. Phys. D",
    volume = "25",
    number = "08",
    pages = "1642005",
    year = "2016"
}

@article{Planck:2018vyg,
    author = "Aghanim, N. and others",
    collaboration = "Planck",
    title = "{Planck 2018 results. VI. Cosmological parameters}",
    eprint = "1807.06209",
    archivePrefix = "arXiv",
    primaryClass = "astro-ph.CO",
    doi = "10.1051/0004-6361/201833910",
    journal = "Astron. Astrophys.",
    volume = "641",
    pages = "A6",
    year = "2020",
    note = "[Erratum: Astron.Astrophys. 652, C4 (2021)]"
}

@article{Ashtekar:2016wpi,
    author = "Ashtekar, Abhay and Gupt, Brajesh",
    title = "{Quantum Gravity in the Sky: Interplay between fundamental theory and observations}",
    eprint = "1608.04228",
    archivePrefix = "arXiv",
    primaryClass = "gr-qc",
    doi = "10.1088/1361-6382/34/1/014002",
    journal = "Class. Quant. Grav.",
    volume = "34",
    number = "1",
    pages = "014002",
    year = "2017"
}

@article{Finocchiaro:2018hks,
    author = "Finocchiaro, Marco and Oriti, Daniele",
    title = "{Spin foam models and the Duflo map}",
    eprint = "1812.03550",
    archivePrefix = "arXiv",
    primaryClass = "gr-qc",
    doi = "10.1088/1361-6382/ab58da",
    journal = "Class. Quant. Grav.",
    volume = "37",
    number = "1",
    pages = "015010",
    year = "2020"
}

@article{Finocchiaro:2020xwr,
    author = "Finocchiaro, Marco and Jeong, Yoobin and Oriti, Daniele",
    title = "{Quantum geometric maps and their properties}",
    eprint = "2012.11536",
    archivePrefix = "arXiv",
    primaryClass = "gr-qc",
    month = "12",
    year = "2020"
}
@article{Ashtekar:2020gec,
    author = "Ashtekar, Abhay and Gupt, Brajesh and Jeong, Donghui and Sreenath, V.",
    title = "{Alleviating the Tension in the Cosmic Microwave Background using Planck-Scale Physics}",
    eprint = "2001.11689",
    archivePrefix = "arXiv",
    primaryClass = "astro-ph.CO",
    doi = "10.1103/PhysRevLett.125.051302",
    journal = "Phys. Rev. Lett.",
    volume = "125",
    number = "5",
    pages = "051302",
    year = "2020"
}

@article{DiFrancesco:1993cyw,
    author = "Di Francesco, P. and Ginsparg, Paul H. and Zinn-Justin, Jean",
    title = "{2-D Gravity and random matrices}",
    eprint = "hep-th/9306153",
    archivePrefix = "arXiv",
    reportNumber = "LA-UR-93-1722, SACLAY-SPH-T-93-061",
    doi = "10.1016/0370-1573(94)00084-G",
    journal = "Phys. Rept.",
    volume = "254",
    pages = "1--133",
    year = "1995"
}

@inproceedings{David:1992jw,
    author = "David, F.",
    title = "{Simplicial quantum gravity and random lattices}",
    booktitle = "{Les Houches Summer School on Gravitation and Quantizations, Session 57}",
    eprint = "hep-th/9303127",
    archivePrefix = "arXiv",
    reportNumber = "SACLAY-SPH-T-93-028, SACLAY-T93-028",
    pages = "0679--750",
    month = "7",
    year = "1992"
}

@inproceedings{Ginsparg:1991bi,
    author = "Ginsparg, Paul H.",
    title = "{Matrix models of 2-d gravity}",
    eprint = "hep-th/9112013",
    archivePrefix = "arXiv",
    reportNumber = "LA-UR-91-9999, LA-UR-91-4101",
    month = "12",
    year = "1991"
}

@article{Oriti:2007qd,
    author = "Oriti, Daniele",
    title = "{Group field theory as the microscopic description of the quantum spacetime fluid: A New perspective on the continuum in quantum gravity}",
    eprint = "0710.3276",
    archivePrefix = "arXiv",
    primaryClass = "gr-qc",
    reportNumber = "ITP-UU-07-54, SPIN-07-40",
    journal = "PoS",
    volume = "QG-PH",
    pages = "030",
    year = "2007"
}

@article{Finocchiaro:2020fhl,
    author = "Finocchiaro, Marco and Oriti, Daniele",
    title = "{Renormalization of Group Field Theories for Quantum Gravity: New Computations and Some Suggestions}",
    eprint = "2004.07361",
    archivePrefix = "arXiv",
    primaryClass = "hep-th",
    doi = "10.3389/fphy.2020.552354",
    journal = "Front. in Phys.",
    volume = "8",
    pages = "552354",
    year = "2021"
}

@article{Eichhorn:2017xhy,
    author = "Eichhorn, Astrid and Koslowski, Tim",
    title = "{Flowing to the continuum in discrete tensor models for quantum gravity}",
    eprint = "1701.03029",
    archivePrefix = "arXiv",
    primaryClass = "gr-qc",
    doi = "10.4171/AIHPD/52",
    journal = "Ann. Inst. H. Poincare Comb. Phys. Interact.",
    volume = "5",
    number = "2",
    pages = "173--210",
    year = "2018"
}

@book{Goldenfeld:1992qy,
    author = "Goldenfeld, N.",
    title = "{Lectures on phase transitions and the renormalization group}",
    year = "1992"
}

@book{Goldstein1980,
  author = {Goldstein, Herbert},
  publisher = {Addison-Wesley},
  title = {Classical Mechanics},
  year = {1980}
}

@article{Loll:2019rdj,
    author = "Loll, R.",
    title = "{Quantum Gravity from Causal Dynamical Triangulations: A Review}",
    eprint = "1905.08669",
    archivePrefix = "arXiv",
    primaryClass = "hep-th",
    doi = "10.1088/1361-6382/ab57c7",
    journal = "Class. Quant. Grav.",
    volume = "37",
    number = "1",
    pages = "013002",
    year = "2020"
}

@article{Ambjorn:2001cv,
    author = "Ambjorn, Jan and Jurkiewicz, J. and Loll, R.",
    title = "{Dynamically triangulating Lorentzian quantum gravity}",
    eprint = "hep-th/0105267",
    archivePrefix = "arXiv",
    reportNumber = "AEI-2001-049",
    doi = "10.1016/S0550-3213(01)00297-8",
    journal = "Nucl. Phys. B",
    volume = "610",
    pages = "347--382",
    year = "2001"
}

@inbook{Ambjorn:2013tki,
    author = {Ambj\o{}rn, Jan and G\"orlich, Andrzej and Jurkiewicz, Jerzy and Loll, Renate},
    editor = "Ashtekar, Abhay and Petkov, Vesselin",
    title = "{Quantum Gravity via Causal Dynamical Triangulations}",
    booktitle = "{Springer Handbook of Spacetime}",
    eprint = "1302.2173",
    archivePrefix = "arXiv",
    primaryClass = "hep-th",
    doi = "10.1007/978-3-642-41992-8_34",
    pages = "723--741",
    year = "2014"
}

@book{ashtekar2014springer,
  title={Springer handbook of spacetime},
  author={Ashtekar, Abhay and Petkov, Vesselin},
  year={2014},
  publisher={Springer}
}

@article{Ambjorn:2012jv,
    author = "Ambjorn, J. and Goerlich, A. and Jurkiewicz, J. and Loll, R.",
    title = "{Nonperturbative Quantum Gravity}",
    eprint = "1203.3591",
    archivePrefix = "arXiv",
    primaryClass = "hep-th",
    doi = "10.1016/j.physrep.2012.03.007",
    journal = "Phys. Rept.",
    volume = "519",
    pages = "127--210",
    year = "2012"
}

@inproceedings{Ambjorn:2024pyv,
    author = "Ambj\o{}rn, J. and Loll, R.",
    title = "{Causal Dynamical Triangulations: Gateway to Nonperturbative Quantum Gravity}",
    eprint = "2401.09399",
    archivePrefix = "arXiv",
    primaryClass = "hep-th",
    month = "1",
    year = "2024"
}

@inbook{Ambjorn:2022naa,
    author = "Ambjorn, Jan",
    title = "{Lattice Quantum Gravity: EDT and CDT}",
    eprint = "2209.06555",
    archivePrefix = "arXiv",
    primaryClass = "hep-lat",
    doi = "10.1007/978-981-19-3079-9_84-1",
    year = "2024"
}

@article{Gorlich:2013hu,
    author = "Gorlich, Andrzej",
    editor = "Calcagni, Gianluca and Papantonopoulos, Lefteris and Siopsis, George and Tsamis, Nikos",
    title = "{Introduction to causal dynamical triangulations}",
    doi = "10.1007/978-3-642-33036-0_5",
    journal = "Lect. Notes Phys.",
    volume = "863",
    pages = "93--117",
    year = "2013"
}

@article{Baratin:2011hp,
    author = "Baratin, Aristide and Oriti, Daniele",
    title = "{Group field theory and simplicial gravity path integrals: A model for Holst-Plebanski gravity}",
    eprint = "1111.5842",
    archivePrefix = "arXiv",
    primaryClass = "hep-th",
    reportNumber = "LPT-ORSAY-11-120",
    doi = "10.1103/PhysRevD.85.044003",
    journal = "Phys. Rev. D",
    volume = "85",
    pages = "044003",
    year = "2012"
}

@article{Freidel:1998pt,
    author = "Freidel, Laurent and Krasnov, Kirill",
    title = "{Spin foam models and the classical action principle}",
    eprint = "hep-th/9807092",
    archivePrefix = "arXiv",
    reportNumber = "CGPG-98-4-5",
    doi = "10.4310/ATMP.1998.v2.n6.a1",
    journal = "Adv. Theor. Math. Phys.",
    volume = "2",
    pages = "1183--1247",
    year = "1999"
}

@article{Reisenberger:1997sk,
    author = "Reisenberger, Michael P.",
    title = "{A Lattice world sheet sum for 4-d Euclidean general relativity}",
    eprint = "gr-qc/9711052",
    archivePrefix = "arXiv",
    month = "11",
    year = "1997"
}

@book{Woodhouse1992,
  title={Geometric Quantization},
  author={Woodhouse, N.M.J.},
  isbn={9780198502708},
  series={Oxford mathematical monographs},
  year={1992},
  publisher={Clarendon Press}
}

@article{Dittrich:2008pw,
    author = "Dittrich, Bianca",
    title = "{Diffeomorphism symmetry in quantum gravity models}",
    eprint = "0810.3594",
    archivePrefix = "arXiv",
    primaryClass = "gr-qc",
    doi = "10.1166/asl.2009.1022",
    journal = "Adv. Sci. Lett.",
    volume = "2",
    pages = "151",
    month = "10",
    year = "2008"
}

@article{Baratin:2011tg,
    author = "Baratin, Aristide and Girelli, Florian and Oriti, Daniele",
    title = "{Diffeomorphisms in group field theories}",
    eprint = "1101.0590",
    archivePrefix = "arXiv",
    primaryClass = "hep-th",
    doi = "10.1103/PhysRevD.83.104051",
    journal = "Phys. Rev. D",
    volume = "83",
    pages = "104051",
    year = "2011"
}

@article{DePietri:1998hnx,
    author = "De Pietri, R. and Freidel, L.",
    title = "{so(4) Plebanski action and relativistic spin foam model}",
    eprint = "gr-qc/9804071",
    archivePrefix = "arXiv",
    reportNumber = "CGPG-98-4-3, CGPG-98-5-2",
    doi = "10.1088/0264-9381/16/7/303",
    journal = "Class. Quant. Grav.",
    volume = "16",
    pages = "2187--2196",
    year = "1999"
}

@article{BenAchour:2019ufa,
    author = "Ben Achour, Jibril and Livine, Etera R.",
    title = "{Cosmology as a CFT$_1$}",
    eprint = "1909.13390",
    archivePrefix = "arXiv",
    primaryClass = "gr-qc",
    doi = "10.1007/JHEP12(2019)031",
    journal = "JHEP",
    volume = "12",
    pages = "031",
    year = "2019"
}

@article{Loll:2015yaa,
    author = "Loll, Renate and Ruijl, Ben",
    title = "{Locally Causal Dynamical Triangulations in Two Dimensions}",
    eprint = "1507.04566",
    archivePrefix = "arXiv",
    primaryClass = "hep-th",
    doi = "10.1103/PhysRevD.92.084002",
    journal = "Phys. Rev. D",
    volume = "92",
    number = "8",
    pages = "084002",
    year = "2015"
}

@article{wheeler1957nature,
  title={On the nature of quantum geometrodynamics},
  author={Wheeler, John A},
  journal={Annals of Physics},
  volume={2},
  number={6},
  pages={604--614},
  year={1957},
  publisher={Elsevier}
}

@article{Sorkin:1997gi,
    author = "Sorkin, Rafael D.",
    title = "{Forks in the road, on the way to quantum gravity}",
    eprint = "gr-qc/9706002",
    archivePrefix = "arXiv",
    reportNumber = "SU-GP-93-12-2",
    doi = "10.1007/BF02435709",
    journal = "Int. J. Theor. Phys.",
    volume = "36",
    pages = "2759--2781",
    year = "1997"
}


@article{BenAchour:2020njq,
    author = "Ben Achour, Jibril and Livine, Etera R.",
    title = "{Conformal structure of FLRW cosmology: spinorial representation and the $ \mathfrak{so} $ (2, 3) algebra of observables}",
    eprint = "2001.11807",
    archivePrefix = "arXiv",
    primaryClass = "gr-qc",
    doi = "10.1007/JHEP03(2020)067",
    journal = "JHEP",
    volume = "03",
    pages = "067",
    year = "2020"
}

@article{Achour:2021lqq,
    author = "Achour, Jibril Ben",
    title = {{Proper time reparametrization in cosmology: M\"obius symmetry and Kodama charges}},
    eprint = "2103.10700",
    archivePrefix = "arXiv",
    primaryClass = "gr-qc",
    doi = "10.1088/1475-7516/2021/12/005",
    journal = "JCAP",
    volume = "12",
    number = "12",
    pages = "005",
    year = "2021"
}

@article{Reisenberger:1998fk,
    author = "Reisenberger, Michael P.",
    title = "{Classical Euclidean general relativity from 'left-handed area = right-handed area'}",
    eprint = "gr-qc/9804061",
    archivePrefix = "arXiv",
    doi = "10.1088/0264-9381/16/4/024",
    journal = "Class. Quant. Grav.",
    volume = "16",
    pages = "1357",
    year = "1999"
}

@article{Marchetti:2020umh,
    author = "Marchetti, Luca and Oriti, Daniele",
    title = "{Effective relational cosmological dynamics from Quantum Gravity}",
    eprint = "2008.02774",
    archivePrefix = "arXiv",
    primaryClass = "gr-qc",
    doi = "10.1007/JHEP05(2021)025",
    journal = "JHEP",
    volume = "05",
    pages = "025",
    year = "2021"
}

@book{Thiemann:2007pyv,
    author = "Thiemann, Thomas",
    title = "{Modern Canonical Quantum General Relativity}",
    doi = "10.1017/CBO9780511755682",
    isbn = "978-0-511-75568-2, 978-0-521-84263-1",
    publisher = "Cambridge University Press",
    series = "Cambridge Monographs on Mathematical Physics",
    year = "2007"
}

@book{GurauBook, 
	Author = {Gurau, Razvan},
	Date-Added = {2017-07-22 11:35:52 +0000},
	Date-Modified = {2017-07-22 11:35:52 +0000},
	Publisher = {Oxford University Press},
	Title = {{Random Tensors}},
	Year = {2016}}

@article{Giesel:2012rb,
    author = "Giesel, Kristina and Thiemann, Thomas",
    title = "{Scalar Material Reference Systems and Loop Quantum Gravity}",
    eprint = "1206.3807",
    archivePrefix = "arXiv",
    primaryClass = "gr-qc",
    doi = "10.1088/0264-9381/32/13/135015",
    journal = "Class. Quant. Grav.",
    volume = "32",
    pages = "135015",
    year = "2015"
}

@Article{Honegger1990,
  author  = {Honegger, Reinhard and Rieckers, Alfred},
  journal = {Journal of the European Mathematical Society},
  title   = {The General Form of non-Fock Coherent Boson States},
  year    = {1990},
}

@article{Rovelli:2011eq,
    author = "Rovelli, Carlo",
    editor = "Barrett, John and Giesel, Kristina and Hellmann, Frank and Jonke, Larisa and Krajewski, Thomas and Lewandowski, Jerzy and Rovelli, Carlo and Sahlmann, Hanno and Steinacker, Harold",
    title = "{Zakopane lectures on loop gravity}",
    eprint = "1102.3660",
    archivePrefix = "arXiv",
    primaryClass = "gr-qc",
    doi = "10.22323/1.140.0003",
    journal = "PoS",
    volume = "QGQGS2011",
    pages = "003",
    year = "2011"
}

@article{Dittrich:2010ey,
    author = "Dittrich, Bianca and Ryan, James P.",
    title = "{Simplicity in simplicial phase space}",
    eprint = "1006.4295",
    archivePrefix = "arXiv",
    primaryClass = "gr-qc",
    doi = "10.1103/PhysRevD.82.064026",
    journal = "Phys. Rev. D",
    volume = "82",
    pages = "064026",
    year = "2010"
}

@article{Alexandrov:2000jw,
    author = "Alexandrov, Sergei",
    title = "{SO(4,C) covariant Ashtekar-Barbero gravity and the Immirzi parameter}",
    eprint = "gr-qc/0005085",
    archivePrefix = "arXiv",
    reportNumber = "SPBU-IP-00-11",
    doi = "10.1088/0264-9381/17/20/307",
    journal = "Class. Quant. Grav.",
    volume = "17",
    pages = "4255--4268",
    year = "2000"
}

@article{Rovelli:1994ge,
    author = "Rovelli, Carlo and Smolin, Lee",
    title = "{Discreteness of area and volume in quantum gravity}",
    eprint = "gr-qc/9411005",
    archivePrefix = "arXiv",
    reportNumber = "CGPG-94-11-1",
    doi = "10.1016/0550-3213(95)00150-Q",
    journal = "Nucl. Phys. B",
    volume = "442",
    pages = "593--622",
    year = "1995",
    note = "[Erratum: Nucl.Phys.B 456, 753--754 (1995)]"
}

@article{Barbieri:1997ks,
    author = "Barbieri, A.",
    title = "{Quantum tetrahedra and simplicial spin networks}",
    eprint = "gr-qc/9707010",
    archivePrefix = "arXiv",
    reportNumber = "IFUP-TH-12-97",
    doi = "10.1016/S0550-3213(98)00093-5",
    journal = "Nucl. Phys. B",
    volume = "518",
    pages = "714--728",
    year = "1998"
}

@inproceedings{Horowitz:1991fr,
    author = "Horowitz, Gary T.",
    title = "{Topology change in general relativity}",
    booktitle = "{6th Marcel Grossmann Meeting on General Relativity (MG6)}",
    eprint = "hep-th/9109030",
    archivePrefix = "arXiv",
    reportNumber = "UCSBTH-91-44",
    pages = "1167--1181",
    month = "6",
    year = "1991"
}

@article{Horowitz1991,
	doi = {10.1088/0264-9381/8/4/007},
	url = {https://doi.org/10.1088/0264-9381/8/4/007},
	year = 1991,
	month = {apr},
	publisher = {{IOP} Publishing},
	volume = {8},
	number = {4},
	pages = {587--601},
	author = {G T Horowitz},
	title = {Topology change in classical and quantum gravity},
	journal = {Classical and Quantum Gravity},
	abstract = {In a first-order formulation, the equations of general relativity remain well defined even in the limit that the metric becomes degenerate. It is shown that there exist smooth solutions to these equations on manifolds in which the topology of space changes. The metric becomes degenerate on a set of measure zero, but the curvature remains bounded. Thus if degenerate metrics play any role in quantum gravity, topology change is unavoidable.}
}
	
@article{Geroch:1967fs,
    author = "Geroch, Robert P.",
    title = "{Topology in general relativity}",
    doi = "10.1063/1.1705276",
    journal = "J. Math. Phys.",
    volume = "8",
    pages = "782--786",
    year = "1967"
}

@article{Brunnemann:2004xi,
    author = "Brunnemann, Johannes and Thiemann, Thomas",
    title = "{Simplification of the spectral analysis of the volume operator in loop quantum gravity}",
    eprint = "gr-qc/0405060",
    archivePrefix = "arXiv",
    reportNumber = "PI-2004-002",
    doi = "10.1088/0264-9381/23/4/014",
    journal = "Class. Quant. Grav.",
    volume = "23",
    pages = "1289--1346",
    year = "2006"
}

@article{Alexandrov:2001wt,
    author = "Alexandrov, Sergei",
    title = "{On choice of connection in loop quantum gravity}",
    eprint = "gr-qc/0107071",
    archivePrefix = "arXiv",
    reportNumber = "LPTENS-01-35, SPHT-T01-104",
    doi = "10.1103/PhysRevD.65.024011",
    journal = "Phys. Rev. D",
    volume = "65",
    pages = "024011",
    year = "2002"
}

@article{Alexandrov:2002br,
    author = "Alexandrov, Sergei and Livine, Etera R.",
    title = "{SU(2) loop quantum gravity seen from covariant theory}",
    eprint = "gr-qc/0209105",
    archivePrefix = "arXiv",
    doi = "10.1103/PhysRevD.67.044009",
    journal = "Phys. Rev. D",
    volume = "67",
    pages = "044009",
    year = "2003"
}

@article{Livine:2002ak,
    author = "Livine, Etera R",
    title = "{Projected spin networks for Lorentz connection: Linking spin foams and loop gravity}",
    eprint = "gr-qc/0207084",
    archivePrefix = "arXiv",
    doi = "10.1088/0264-9381/19/21/316",
    journal = "Class. Quant. Grav.",
    volume = "19",
    pages = "5525--5542",
    year = "2002"
}

@article{Alexandrov:2001pa,
    author = "Alexandrov, S. and Vassilevich, D.",
    title = "{Area spectrum in Lorentz covariant loop gravity}",
    eprint = "gr-qc/0103105",
    archivePrefix = "arXiv",
    doi = "10.1103/PhysRevD.64.044023",
    journal = "Phys. Rev. D",
    volume = "64",
    pages = "044023",
    year = "2001"
}

@phdthesis{Pithis:2019mlv,
    author = "Pithis, Andreas G. A.",
    title = "{Aspects of quantum gravity}",
    eprint = "1903.07735",
    archivePrefix = "arXiv",
    primaryClass = "gr-qc",
    school = "King's Coll. London",
    year = "2019"
}

@PhdThesis{Pereira2010,
  author = {Pereira, Roberto},
  school = {U. Mediterranee, Aix-Marseille II},
  title  = {{Spinfoams from simplicial geometry}},
  year   = {2010},
}

@book{Strocchi:2005yk,
    author = "Strocchi, F.",
    title = "{Symmetry breaking}",
    isbn = "978-3-540-21318-5",
    volume = "643",
    year = "2005"
}

@book{Strocchi:2013awa,
    author = "Strocchi, Franco",
    title = "{An introduction to non-perturbative foundations of quantum field theory}",
    isbn = "978-0-19-967157-1",
    volume = "158",
    year = "2013"
}


@Article{Regge1961,
  author   = {Regge, T.},
  journal  = {Il Nuovo Cimento (1955-1965)},
  title    = {General relativity without coordinates},
  year     = {1961},
  issn     = {1827-6121},
  number   = {3},
  pages    = {558--571},
  volume   = {19},
  abstract = {In this paper we develop an approach to the theory of Riemannian manifolds which avoids the use of co-ordinates. Curved spaces are approximated by higher-dimensional analogs of polyhedra. Among the advantages of this procedure we may list the possibility of condensing into a simplified model the essential features of topologies like Wheelerâs wormhole and a deeper geometrical insight.},
  doi      = {10.1007/BF02733251},
  refid    = {Regge1961},
  url      = {https://doi.org/10.1007/BF02733251},
}

@Article{Ponzano1968,
  author  = {Ponzano, G and Regge, T},
  journal = {Spectroscopy and Group Theoretical Methods in Physics},
  title   = {Semiclassical Limit of Racah Coefficients},
  year    = {1968},
  pages   = {1-58},
}

@Article{Wilson1974,
  author    = {Wilson, Kenneth G.},
  journal   = {Phys. Rev. D},
  title     = {Confinement of quarks},
  year      = {1974},
  month     = {Oct},
  pages     = {2445--2459},
  volume    = {10},
  doi       = {10.1103/PhysRevD.10.2445},
  issue     = {8},
  numpages  = {0},
  publisher = {American Physical Society},
  url       = {https://link.aps.org/doi/10.1103/PhysRevD.10.2445},
}

@Article{Kogut1979,
  author    = {Kogut, John B.},
  journal   = {Rev. Mod. Phys.},
  title     = {An introduction to lattice gauge theory and spin systems},
  year      = {1979},
  month     = {Oct},
  pages     = {659--713},
  volume    = {51},
  doi       = {10.1103/RevModPhys.51.659},
  issue     = {4},
  numpages  = {0},
  publisher = {American Physical Society},
  url       = {https://link.aps.org/doi/10.1103/RevModPhys.51.659},
}

@article{Velhinho:2007gg,
    author = "Velhinho, J. M.",
    title = "{The Quantum configuration space of loop quantum cosmology}",
    eprint = "0704.2397",
    archivePrefix = "arXiv",
    primaryClass = "gr-qc",
    doi = "10.1088/0264-9381/24/14/013",
    journal = "Class. Quant. Grav.",
    volume = "24",
    pages = "3745--3758",
    year = "2007"
}

@InBook{Mukhanov2005,
  author    = {Mukhanov, Viatcheslav},
  pages     = {226â262},
  publisher = {Cambridge University Press},
  title     = {Inflation I: homogeneous limit},
  year      = {2005},
  booktitle = {Physical Foundations of Cosmology},
  doi       = {10.1017/CBO9780511790553.008},
  place     = {Cambridge},
}

@article{Bojowald:2006tm,
    author = "Bojowald, Martin and Hernandez, Hector H. and Kagan, Mikhail and Singh, Parampreet and Skirzewski, Aureliano",
    title = "{Hamiltonian cosmological perturbation theory with loop quantum gravity corrections}",
    eprint = "gr-qc/0609057",
    archivePrefix = "arXiv",
    reportNumber = "IGPG-06-9-7",
    doi = "10.1103/PhysRevD.74.123512",
    journal = "Phys. Rev. D",
    volume = "74",
    pages = "123512",
    year = "2006"
}

@article{Bojowald:2008jv,
    author = "Bojowald, Martin and Hossain, Golam Mortuza and Kagan, Mikhail and Shankaranarayanan, S.",
    title = "{Gauge invariant cosmological perturbation equations with corrections from loop quantum gravity}",
    eprint = "0811.1572",
    archivePrefix = "arXiv",
    primaryClass = "gr-qc",
    reportNumber = "IGC-08-11-1",
    doi = "10.1103/PhysRevD.79.043505",
    journal = "Phys. Rev. D",
    volume = "79",
    pages = "043505",
    year = "2009",
    note = "[Erratum: Phys.Rev.D 82, 109903 (2010)]"
}

@article{Bojowald:2008gz,
    author = "Bojowald, Martin and Hossain, Golam Mortuza and Kagan, Mikhail and Shankaranarayanan, S.",
    title = "{Anomaly freedom in perturbative loop quantum gravity}",
    eprint = "0806.3929",
    archivePrefix = "arXiv",
    primaryClass = "gr-qc",
    reportNumber = "IGC-08-6-7",
    doi = "10.1103/PhysRevD.78.063547",
    journal = "Phys. Rev. D",
    volume = "78",
    pages = "063547",
    year = "2008"
}

@article{Bojowald:2021aqx,
    author = "Bojowald, Martin",
    title = "{Cosmic Tangle: Loop Quantum Cosmology and CMB Anomalies}",
    eprint = "2106.02481",
    archivePrefix = "arXiv",
    primaryClass = "gr-qc",
    doi = "10.3390/universe7060186",
    journal = "Universe",
    volume = "7",
    number = "6",
    pages = "186",
    year = "2021"
}

@article{Bojowald:2020xlw,
    author = "Bojowald, Martin",
    title = "{Noncovariance of the dressed-metric approach in loop quantum cosmology}",
    eprint = "2002.04986",
    archivePrefix = "arXiv",
    primaryClass = "gr-qc",
    doi = "10.1103/PhysRevD.102.023532",
    journal = "Phys. Rev. D",
    volume = "102",
    number = "2",
    pages = "023532",
    year = "2020"
}

@article{Bojowald:2020unm,
    author = "Bojowald, Martin",
    title = "{No-go result for covariance in models of loop quantum gravity}",
    eprint = "2007.16066",
    archivePrefix = "arXiv",
    primaryClass = "gr-qc",
    doi = "10.1103/PhysRevD.102.046006",
    journal = "Phys. Rev. D",
    volume = "102",
    number = "4",
    pages = "046006",
    year = "2020"
}

@Book{Thiemann2007a,
  author    = {Thomas Thiemann},
  publisher = {Cambridge University Press},
  title     = {Modern Canonical Quantum General Relativity},
  year      = {2007},
  doi       = {https://doi.org/10.1017/CBO9780511755682},
}

@article{CastelloGomar:2017kbo,
    author = "Castell\'o Gomar, Laura and Mena Marug\'an, Guillermo A. and Mart\'\i{}n De Blas, Daniel and Olmedo, Javier",
    title = "{Hybrid loop quantum cosmology and predictions for the cosmic microwave background}",
    eprint = "1702.06036",
    archivePrefix = "arXiv",
    primaryClass = "gr-qc",
    reportNumber = "IGC-17|2-1",
    doi = "10.1103/PhysRevD.96.103528",
    journal = "Phys. Rev. D",
    volume = "96",
    number = "10",
    pages = "103528",
    year = "2017"
}

@article{Fernandez-Mendez:2012poe,
    author = "Fernandez-Mendez, Mikel and Mena Marugan, Guillermo A. and Olmedo, Javier",
    title = "{Hybrid quantization of an inflationary universe}",
    eprint = "1205.1917",
    archivePrefix = "arXiv",
    primaryClass = "gr-qc",
    doi = "10.1103/PhysRevD.86.024003",
    journal = "Phys. Rev. D",
    volume = "86",
    pages = "024003",
    year = "2012"
}

@article{Brandenberger:2016vhg,
    author = "Brandenberger, Robert and Peter, Patrick",
    title = "{Bouncing Cosmologies: Progress and Problems}",
    eprint = "1603.05834",
    archivePrefix = "arXiv",
    primaryClass = "hep-th",
    doi = "10.1007/s10701-016-0057-0",
    journal = "Found. Phys.",
    volume = "47",
    number = "6",
    pages = "797--850",
    year = "2017"
}

@Book{Misner2017,
  author    = {Charles W. Misner, Kip S. Thorne, John Archibald Wheeler},
  publisher = {Princeton University Press},
  title     = {Gravitation},
  year      = {2017},
}

@article{Steinhaus:2020lgb,
    author = "Steinhaus, Sebastian",
    title = "{Coarse Graining Spin Foam Quantum Gravity\textemdash{}A Review}",
    eprint = "2007.01315",
    archivePrefix = "arXiv",
    primaryClass = "gr-qc",
    doi = "10.3389/fphy.2020.00295",
    journal = "Front. in Phys.",
    volume = "8",
    pages = "295",
    year = "2020"
}

@article{Rovelli:2010qx,
    author = "Rovelli, Carlo and Smerlak, Matteo",
    title = "{In quantum gravity, summing is refining}",
    eprint = "1010.5437",
    archivePrefix = "arXiv",
    primaryClass = "gr-qc",
    doi = "10.1088/0264-9381/29/5/055004",
    journal = "Class. Quant. Grav.",
    volume = "29",
    pages = "055004",
    year = "2012"
}

@article{Bahr:2014qza,
    author = "Bahr, Benjamin",
    title = "{On background-independent renormalization of spin foam models}",
    eprint = "1407.7746",
    archivePrefix = "arXiv",
    primaryClass = "gr-qc",
    doi = "10.1088/1361-6382/aa5e13",
    journal = "Class. Quant. Grav.",
    volume = "34",
    number = "7",
    pages = "075001",
    year = "2017"
}

@article{Eichhorn:2021vid,
    author = "Eichhorn, Astrid and Bahr, Benjamin and Pereira, Antonio D.",
    title = "{Editorial: Coarse graining in quantum gravity -- Bridging the gap between microscopic models and spacetime physics}",
    eprint = "2103.14605",
    archivePrefix = "arXiv",
    primaryClass = "gr-qc",
    month = "3",
    year = "2021"
}

@inproceedings{Pereira:2019dbn,
    author = "Pereira, Antonio D.",
    title = "{Quantum spacetime and the renormalization group: Progress and visions}",
    booktitle = "{Progress and Visions in Quantum Theory in View of Gravity}: {Bridging foundations of physics and mathematics}",
    eprint = "1904.07042",
    archivePrefix = "arXiv",
    primaryClass = "gr-qc",
    month = "4",
    year = "2019"
}



@article{Oeckl:2002ia,
    author = "Oeckl, Robert",
    title = "{Renormalization of discrete models without background}",
    eprint = "gr-qc/0212047",
    archivePrefix = "arXiv",
    reportNumber = "CPT-2002-P-4461",
    doi = "10.1016/S0550-3213(03)00145-7",
    journal = "Nucl. Phys. B",
    volume = "657",
    pages = "107--138",
    year = "2003"
}

@Article{Hartle1983,
  author    = {Hartle, J. B. and Hawking, S. W.},
  journal   = {Phys. Rev. D},
  title     = {Wave function of the Universe},
  year      = {1983},
  month     = {Dec},
  pages     = {2960--2975},
  volume    = {28},
  doi       = {10.1103/PhysRevD.28.2960},
  issue     = {12},
  numpages  = {0},
  publisher = {American Physical Society},
  url       = {https://link.aps.org/doi/10.1103/PhysRevD.28.2960},
}

@Book{Gibbons1993,
  author    = {Gibbons, G W and Hawking, S W},
  publisher = {WORLD SCIENTIFIC},
  title     = {Euclidean Quantum Gravity},
  year      = {1993},
  doi       = {10.1142/1301},
  eprint    = {https://www.worldscientific.com/doi/pdf/10.1142/1301},
  url       = {https://www.worldscientific.com/doi/abs/10.1142/1301},
}

@Article{Goroff1985,
  author       = {Goroff, Marc H. and Sagnotti, Augusto},
  journal      = {Phys. Lett. B},
  title        = {{QUANTUM GRAVITY AT TWO LOOPS}},
  year         = {1985},
  pages        = {81--86},
  volume       = {160},
  doi          = {10.1016/0370-2693(85)91470-4},
  reportnumber = {CALT-68-1263, UCB-PTH-85/18, LBL-19512},
}

@article{Augustin1979,
    author = {Augustin, Stuart D. and Rabitz, Herschel},
    title = {Actionâangle variables in quantum mechanics},
    journal = {The Journal of Chemical Physics},
    volume = {71},
    number = {12},
    pages = {4956-4968},
    year = {1979},
    month = {12},
    issn = {0021-9606},
    doi = {10.1063/1.438309},
    url = {https://doi.org/10.1063/1.438309},
    eprint = {https://pubs.aip.org/aip/jcp/article-pdf/71/12/4956/18920292/4956\_1\_online.pdf},
}

@article{Eichhorn:2017egq,
    author = "Eichhorn, Astrid",
    title = "{Status of the asymptotic safety paradigm for quantum gravity and matter}",
    eprint = "1709.03696",
    archivePrefix = "arXiv",
    primaryClass = "gr-qc",
    doi = "10.1007/s10701-018-0196-6",
    journal = "Found. Phys.",
    volume = "48",
    number = "10",
    pages = "1407--1429",
    year = "2018"
}

@article{Reuter:1996cp,
    author = "Reuter, M.",
    title = "{Nonperturbative evolution equation for quantum gravity}",
    eprint = "hep-th/9605030",
    archivePrefix = "arXiv",
    reportNumber = "DESY-96-080",
    doi = "10.1103/PhysRevD.57.971",
    journal = "Phys. Rev. D",
    volume = "57",
    pages = "971--985",
    year = "1998"
}

@article{Litim:2003vp,
    author = "Litim, Daniel F.",
    title = "{Fixed points of quantum gravity}",
    eprint = "hep-th/0312114",
    archivePrefix = "arXiv",
    reportNumber = "CERN-TH-2003-299, SHEP-03-32",
    doi = "10.1103/PhysRevLett.92.201301",
    journal = "Phys. Rev. Lett.",
    volume = "92",
    pages = "201301",
    year = "2004"
}

@article{Oriti:2001qu,
    author = "Oriti, Daniele",
    title = "{Space-time geometry from algebra: Spin foam models for nonperturbative quantum gravity}",
    eprint = "gr-qc/0106091",
    archivePrefix = "arXiv",
    doi = "10.1088/0034-4885/64/12/203",
    journal = "Rept. Prog. Phys.",
    volume = "64",
    pages = "1703--1756",
    year = "2001"
}

@inproceedings{Reisenberger:1994aw,
    author = "Reisenberger, Michael P.",
    title = "{World sheet formulations of gauge theories and gravity}",
    booktitle = "{7th Marcel Grossmann Meeting on General Relativity (MG 7)}",
    eprint = "gr-qc/9412035",
    archivePrefix = "arXiv",
    month = "12",
    year = "1994"
}

@Article{Naimark1964,
  author  = {Naimark, M.A.},
  journal = {Elsevier},
  title   = {Linear representations of the Lorentz group},
  year    = {1964},
  pages   = {464},
  volume  = {61},
  url     = {https://www.elsevier.com/books/linear-representations-of-the-lorentz-group/naimark/978-0-08-010155-2},
}

@Article{Anderson1970,
  author  = {Anderson,R. L. and Raczka,R. and Rashid,M. A. and Winternitz,P.},
  journal = {Journal of Mathematical Physics},
  title   = {ClebschâGordan Coefficients for the Coupling of SL(2, C) PrincipalâSeries Representations},
  year    = {1970},
  number  = {3},
  pages   = {1050-1058},
  volume  = {11},
  doi     = {10.1063/1.1665196},
  eprint  = {https://doi.org/10.1063/1.1665196},
  url     = {https://doi.org/10.1063/1.1665196},
}

@Article{Anderson1970a,
  author  = {Anderson,R. L. and Raczka,R. and Rashid,M. A. and Winternitz,P.},
  journal = {Journal of Mathematical Physics},
  title   = {Recursion and Symmetry Relations for the ClebschâGordan Coefficients of the Homogeneous Lorentz Group},
  year    = {1970},
  number  = {3},
  pages   = {1059-1068},
  volume  = {11},
  doi     = {10.1063/1.1665197},
  eprint  = {https://doi.org/10.1063/1.1665197},
  url     = {https://doi.org/10.1063/1.1665197},
}

@Article{Kerimov1978,
  author  = {Kerimov, G. A. and Verdiev, I. A.},
  journal = {Rept. Math. Phys.},
  title   = {{Clebsch-Gordan Coefficients of the SL(2,c) Group}},
  year    = {1978},
  pages   = {315--326},
  volume  = {13},
  doi     = {10.1016/0034-4877(78)90059-9},
}

@article{Baez:1999tk,
    author = "Baez, John C. and Barrett, John W.",
    title = "{The Quantum tetrahedron in three-dimensions and four-dimensions}",
    eprint = "gr-qc/9903060",
    archivePrefix = "arXiv",
    doi = "10.4310/ATMP.1999.v3.n4.a3",
    journal = "Adv. Theor. Math. Phys.",
    volume = "3",
    pages = "815--850",
    year = "1999"
}

@Book{Varshalovich1988,
  author    = {Varshalovich, D. A. and Moskalev, A. N. and Khersonsky, V. K.},
  publisher = {World Scientific},
  title     = {{Quantum Theory of Angular Momentum: Irreducible Tensors, Spherical Harmonics, Vector Coupling Coefficients, 3nj Symbols}},
  year      = {1988},
  address   = {Singapore},
  doi       = {10.1142/0270},
}

@Book{Ashtekar1991,
  author    = {Ashtekar, Abhay},
  publisher = {WORLD SCIENTIFIC},
  title     = {Lectures on Non-Perturbative Canonical Gravity},
  year      = {1991},
  doi       = {10.1142/1321},
  eprint    = {https://www.worldscientific.com/doi/pdf/10.1142/1321},
  url       = {https://www.worldscientific.com/doi/abs/10.1142/1321},
}

@article{Finelli:2001sr,
    author = "Finelli, Fabio and Brandenberger, Robert",
    title = "{On the generation of a scale invariant spectrum of adiabatic fluctuations in cosmological models with a contracting phase}",
    eprint = "hep-th/0112249",
    archivePrefix = "arXiv",
    doi = "10.1103/PhysRevD.65.103522",
    journal = "Phys. Rev. D",
    volume = "65",
    pages = "103522",
    year = "2002"
}

@article{Cai:2014jla,
    author = "Cai, Yi-Fu and Wilson-Ewing, Edward",
    title = "{A $\Lambda$CDM bounce scenario}",
    eprint = "1412.2914",
    archivePrefix = "arXiv",
    primaryClass = "gr-qc",
    doi = "10.1088/1475-7516/2015/03/006",
    journal = "JCAP",
    volume = "03",
    pages = "006",
    year = "2015"
}

@article{Cai:2015vzv,
    author = "Cai, Yi-Fu and Duplessis, Francis and Easson, Damien A. and Wang, Dong-Gang",
    title = "{Searching for a matter bounce cosmology with low redshift observations}",
    eprint = "1512.08979",
    archivePrefix = "arXiv",
    primaryClass = "astro-ph.CO",
    doi = "10.1103/PhysRevD.93.043546",
    journal = "Phys. Rev. D",
    volume = "93",
    number = "4",
    pages = "043546",
    year = "2016"
}

@article{Crane:2001as,
    author = "Crane, L. and Perez, Alejandro and Rovelli, C.",
    title = "{Perturbative finiteness in spin-foam quantum gravity}",
    doi = "10.1103/PhysRevLett.87.181301",
    journal = "Phys. Rev. Lett.",
    volume = "87",
    pages = "181301",
    year = "2001"
}

@article{Crane:2001qk,
    author = "Crane, Louis and Perez, Alejandro and Rovelli, Carlo",
    title = "{A Finiteness proof for the Lorentzian state sum spin foam model for quantum general relativity}",
    eprint = "gr-qc/0104057",
    archivePrefix = "arXiv",
    month = "4",
    year = "2001"
}

@article{Perez:2000fs,
    author = "Perez, Alejandro and Rovelli, Carlo",
    title = "{A Spin foam model without bubble divergences}",
    eprint = "gr-qc/0006107",
    archivePrefix = "arXiv",
    doi = "10.1016/S0550-3213(01)00030-X",
    journal = "Nucl. Phys. B",
    volume = "599",
    pages = "255--282",
    year = "2001"
}

@article{Gielen:2018fqv,
    author = "Gielen, Steffen",
    title = "{Group field theory and its cosmology in a matter reference frame}",
    eprint = "1808.10469",
    archivePrefix = "arXiv",
    primaryClass = "gr-qc",
    doi = "10.3390/universe4100103",
    journal = "Universe",
    volume = "4",
    number = "10",
    pages = "103",
    year = "2018"
}

@article{Khoury:2001wf,
    author = "Khoury, Justin and Ovrut, Burt A. and Steinhardt, Paul J. and Turok, Neil",
    title = "{The Ekpyrotic universe: Colliding branes and the origin of the hot big bang}",
    eprint = "hep-th/0103239",
    archivePrefix = "arXiv",
    doi = "10.1103/PhysRevD.64.123522",
    journal = "Phys. Rev. D",
    volume = "64",
    pages = "123522",
    year = "2001"
}

@article{Brandenberger:2007zza,
    author = "Brandenberger, Robert H.",
    editor = "Hwang, Pauchy W. Y. and He, Xiao-Gang and Ng, Kin-Wang",
    title = "{String Gas Cosmology and Structure Formation: A Brief Review}",
    eprint = "hep-th/0702001",
    archivePrefix = "arXiv",
    doi = "10.1142/S0217732307025091",
    journal = "Mod. Phys. Lett. A",
    volume = "22",
    pages = "1875--1885",
    year = "2007"
}

@article{Brandenberger1989,
title = {Superstrings in the early universe},
journal = {Nuclear Physics B},
volume = {316},
number = {2},
pages = {391-410},
year = {1989},
issn = {0550-3213},
doi = {https://doi.org/10.1016/0550-3213(89)90037-0},
url = {https://www.sciencedirect.com/science/article/pii/0550321389900370},
author = {R. Brandenberger and C. Vafa},
abstract = {We investigate some aspects of thermodynamics and cosmology for superstrings. By a rather delicate computation using the microcanonical ensemble we show that the thermodynamic description of strings is sound (specific heat is positive at large energies) only for strings propagating in spaces where all the spatial directions are compact. Using this result and by considering a simple model, we show how strings resolve the initial singularity of the Big Bang. We also discuss a cosmological scenario which has the potential of explaining the space-time dimensionality.}
}

@Book{Hamber2009,
  author    = {Hamber, Herbert W.},
  publisher = {Springer, Berlin, Heidelberg},
  title     = {Quantum Gravitation},
  year      = {2009},
  doi       = {https://doi.org/10.1007/978-3-540-85293-3},
}

@Book{Kiefer2012,
  author    = {Kiefer, Claus},
  publisher = {Oxford University Press},
  title     = {Quantum Gravity},
  year      = {2012},
  doi       = {10.1093/acprof:oso/9780199585205.001.0001},
}

@article{DeWitt1967,
  title = {Quantum Theory of Gravity. I. The Canonical Theory},
  author = {DeWitt, Bryce S.},
  journal = {Phys. Rev.},
  volume = {160},
  issue = {5},
  pages = {1113--1148},
  numpages = {0},
  year = {1967},
  month = {Aug},
  publisher = {American Physical Society},
  doi = {10.1103/PhysRev.160.1113},
  url = {https://link.aps.org/doi/10.1103/PhysRev.160.1113}
}

@article{Ding:2009jq,
    author = "Ding, You and Rovelli, Carlo",
    title = "{The Volume operator in covariant quantum gravity}",
    eprint = "0911.0543",
    archivePrefix = "arXiv",
    primaryClass = "gr-qc",
    doi = "10.1088/0264-9381/27/16/165003",
    journal = "Class. Quant. Grav.",
    volume = "27",
    pages = "165003",
    year = "2010"
}

@article{Barrett:2002ur,
    author = "Barrett, John W and Steele, Christopher M.",
    title = "{Asymptotics of relativistic spin networks}",
    eprint = "gr-qc/0209023",
    archivePrefix = "arXiv",
    doi = "10.1088/0264-9381/20/7/307",
    journal = "Class. Quant. Grav.",
    volume = "20",
    pages = "1341--1362",
    year = "2003"
}

@article{Kaminski:2013yca,
    author = "Kami\'nski, Wojciech and Steinhaus, Sebastian",
    title = "{The Barrett\textendash{}Crane model: asymptotic measure factor}",
    eprint = "1310.2957",
    archivePrefix = "arXiv",
    primaryClass = "gr-qc",
    doi = "10.1088/0264-9381/31/7/075014",
    journal = "Class. Quant. Grav.",
    volume = "31",
    pages = "075014",
    year = "2014"
}

@article{Kaminski:2017eew,
    author = "Kaminski, Wojciech and Kisielowski, Marcin and Sahlmann, Hanno",
    title = "{Asymptotic analysis of the EPRL model with timelike tetrahedra}",
    eprint = "1705.02862",
    archivePrefix = "arXiv",
    primaryClass = "gr-qc",
    doi = "10.1088/1361-6382/aac6a4",
    journal = "Class. Quant. Grav.",
    volume = "35",
    number = "13",
    pages = "135012",
    year = "2018"
}

@article{deCesare:2016rsf,
    author = "de Cesare, Marco and Pithis, Andreas G. A. and Sakellariadou, Mairi",
    title = "{Cosmological implications of interacting Group Field Theory models: cyclic Universe and accelerated expansion}",
    eprint = "1606.00352",
    archivePrefix = "arXiv",
    primaryClass = "gr-qc",
    reportNumber = "KCL-PH-TH-2016-32",
    doi = "10.1103/PhysRevD.94.064051",
    journal = "Phys. Rev. D",
    volume = "94",
    number = "6",
    pages = "064051",
    year = "2016"
}

@article{deCesare:2016axk,
    author = "de Cesare, Marco and Sakellariadou, Mairi",
    title = "{Accelerated expansion of the Universe without an inflaton and resolution of the initial singularity from Group Field Theory condensates}",
    eprint = "1603.01764",
    archivePrefix = "arXiv",
    primaryClass = "gr-qc",
    reportNumber = "KCL-PH-TH-2016-11",
    doi = "10.1016/j.physletb.2016.10.051",
    journal = "Phys. Lett. B",
    volume = "764",
    pages = "49--53",
    year = "2017"
}

@article{Marchetti:2020qsq,
    author = "Marchetti, Luca and Oriti, Daniele",
    title = "{Quantum fluctuations in the effective relational GFT cosmology}",
    eprint = "2010.09700",
    archivePrefix = "arXiv",
    primaryClass = "gr-qc",
    doi = "10.3389/fspas.2021.683649",
    journal = "Front. Astron. Space Sci.",
    volume = "8",
    pages = "683649",
    year = "2021"
}

@article{Conrady:2010kc,
    author = "Conrady, Florian and Hnybida, Jeff",
    title = "{A spin foam model for general Lorentzian 4-geometries}",
    eprint = "1002.1959",
    archivePrefix = "arXiv",
    primaryClass = "gr-qc",
    reportNumber = "PI-QG-173",
    doi = "10.1088/0264-9381/27/18/185011",
    journal = "Class. Quant. Grav.",
    volume = "27",
    pages = "185011",
    year = "2010"
}

@article{Noui:2002ag,
    author = "Noui, Karim and Roche, Philippe",
    title = "{Cosmological deformation of Lorentzian spin foam models}",
    eprint = "gr-qc/0211109",
    archivePrefix = "arXiv",
    doi = "10.1088/0264-9381/20/14/318",
    journal = "Class. Quant. Grav.",
    volume = "20",
    pages = "3175--3214",
    year = "2003"
}

@article{Conrady:2010vx,
    author = "Conrady, Florian",
    title = "{Spin foams with timelike surfaces}",
    eprint = "1003.5652",
    archivePrefix = "arXiv",
    primaryClass = "gr-qc",
    reportNumber = "PI-QG-179",
    doi = "10.1088/0264-9381/27/15/155014",
    journal = "Class. Quant. Grav.",
    volume = "27",
    pages = "155014",
    year = "2010"
}

@article{Simao:2021qno,
    author = "Sim\~ao, Jos\'e Diogo and Steinhaus, Sebastian",
    title = "{Asymptotic analysis of spin-foams with time-like faces in a new parameterisation}",
    eprint = "2106.15635",
    archivePrefix = "arXiv",
    primaryClass = "gr-qc",
    month = "6",
    year = "2021"
}

@inproceedings{Han:2021rjo,
    author = "Han, Muxin and Liu, Hongguang",
    title = "{Analytic Continuation of Spin foam Models}",
    booktitle = "{LOOPS 19}",
    eprint = "2104.06902",
    archivePrefix = "arXiv",
    primaryClass = "gr-qc",
    month = "4",
    year = "2021"
}

@article{Calcagni:2019kzo,
    author = "Calcagni, Gianluca and Kuroyanagi, Sachiko and Marsat, Sylvain and Sakellariadou, Mairi and Tamanini, Nicola and Tasinato, Gianmassimo",
    title = "{Gravitational-wave luminosity distance in quantum gravity}",
    eprint = "1904.00384",
    archivePrefix = "arXiv",
    primaryClass = "gr-qc",
    reportNumber = "KCL-PH-TH/2019-30",
    doi = "10.1016/j.physletb.2019.135000",
    journal = "Phys. Lett. B",
    volume = "798",
    pages = "135000",
    year = "2019"
}

@article{Kazakov:1995ae,
    author = "Kazakov, Vladimir A. and Staudacher, Matthias and Wynter, Thomas",
    title = "{Character expansion methods for matrix models of dually weighted graphs}",
    eprint = "hep-th/9502132",
    archivePrefix = "arXiv",
    reportNumber = "LPTENS-95-9",
    doi = "10.1007/BF02101902",
    journal = "Commun. Math. Phys.",
    volume = "177",
    pages = "451--468",
    year = "1996"
}

@article{Benedetti:2015et,
	Annote = {28 pages, 14 figures},
	Author = {Benedetti, Dario and Ben Geloun, Joseph and Oriti, Daniele},
	Date-Added = {2018-07-03 13:57:53 +0000},
	Date-Modified = {2018-07-03 13:58:16 +0000},
	Eprint = {1411.3180},
	Journal = {JHEP},
	Pages = {084},
	Title = {{Functional Renormalisation Group Approach for Tensorial Group Field Theory: a Rank-3 Model}},
	Volume = {03},
	Year = {2015}}
	
@article{Benedetti:2011nn,
    author = "Benedetti, Dario and Gurau, Razvan",
    title = "{Phase Transition in Dually Weighted Colored Tensor Models}",
    eprint = "1108.5389",
    archivePrefix = "arXiv",
    primaryClass = "hep-th",
    reportNumber = "AEI-2011-057",
    doi = "10.1016/j.nuclphysb.2011.10.015",
    journal = "Nucl. Phys. B",
    volume = "855",
    pages = "420--437",
    year = "2012"
}

@article{BenGeloun:2015ej,
	Annote = {7 pages, 2 Figures},
	Author = {Ben Geloun, Joseph and Martini, Riccardo and Oriti, Daniele},
	Date-Added = {2018-07-03 13:57:53 +0000},
	Date-Modified = {2018-07-03 14:05:55 +0000},
	Eprint = {1508.01855},
	Journal = {EPL},
	Number = {3},
	Pages = {31001},
	Title = {{Functional Renormalization Group analysis of a Tensorial Group Field Theory on ${R}^3$}},
	Volume = {112},
	Year = {2015}}

@article{Benedetti:2016db,
	Annote = {30 pages, 12 figures},
	Author = {Benedetti, Dario and Lahoche, Vincent},
	Date-Added = {2018-07-03 13:57:53 +0000},
	Date-Modified = {2018-07-03 13:58:33 +0000},
	Eprint = {1508.06384},
	Journal = {Classical And Quantum Gravity},
	Number = {9},
	Title = {{Functional renormalization group approach for tensorial group field theory: a rank-6 model with closure constraint}},
	Volume = {33},
	Year = {2016}}

@article{BenGeloun:2016kw,
	Annote = {43 pages, 9 figures},
	Author = {Ben Geloun, Joseph and Martini, Riccardo and Oriti, Daniele},
	Date-Added = {2018-07-03 13:57:53 +0000},
	Date-Modified = {2018-07-03 13:59:06 +0000},
	Eprint = {1601.08211},
	Journal = {Phys. Rev. D},
	Pages = {024017},
	Title = {{Functional renormalization group analysis of tensorial group field theories on $R^d$}},
	Volume = {94},
	Year = {2016}}
	
@article{Carrozza:2016tih,
    author = "Carrozza, Sylvain and Lahoche, Vincent",
    title = "{Asymptotic safety in three-dimensional SU(2) Group Field Theory: evidence in the local potential approximation}",
    eprint = "1612.02452",
    archivePrefix = "arXiv",
    primaryClass = "hep-th",
    doi = "10.1088/1361-6382/aa6d90",
    journal = "Class. Quant. Grav.",
    volume = "34",
    number = "11",
    pages = "115004",
    year = "2017"
}

@article{Carrozza:2024gnh,
    author = "Carrozza, Sylvain",
    title = "{Tensor models and group field theories: combinatorics, large $N$ and renormalization}",
    eprint = "2404.07834",
    archivePrefix = "arXiv",
    primaryClass = "math-ph",
    month = "4",
    year = "2024"
}

@article{Carrozza:2016vsq,
    author = "Carrozza, Sylvain",
    title = "{Flowing in Group Field Theory Space: a Review}",
    eprint = "1603.01902",
    archivePrefix = "arXiv",
    primaryClass = "gr-qc",
    doi = "10.3842/SIGMA.2016.070",
    journal = "SIGMA",
    volume = "12",
    pages = "070",
    year = "2016"
}


@article{Carrozza:2017vkz,
    author = "Carrozza, Sylvain and Lahoche, Vincent and Oriti, Daniele",
    title = "{Renormalizable Group Field Theory beyond melonic diagrams: an example in rank four}",
    eprint = "1703.06729",
    archivePrefix = "arXiv",
    primaryClass = "gr-qc",
    doi = "10.1103/PhysRevD.96.066007",
    journal = "Phys. Rev. D",
    volume = "96",
    number = "6",
    pages = "066007",
    year = "2017"
}

@article{BenGeloun:2018ekd,
    author = "Ben Geloun, Joseph and Koslowski, Tim A. and Oriti, Daniele and Pereira, Antonio D.",
    title = "{Functional Renormalization Group analysis of rank 3 tensorial group field theory: The full quartic invariant truncation}",
    eprint = "1805.01619",
    archivePrefix = "arXiv",
    primaryClass = "hep-th",
    doi = "10.1103/PhysRevD.97.126018",
    journal = "Phys. Rev. D",
    volume = "97",
    number = "12",
    pages = "126018",
    year = "2018"
}

@article{Baloitcha:2020lha,
    author = "Baloitcha, Ezinvi and Lahoche, Vincent and Ousmane Samary, Dine",
    title = "{Flowing in discrete gravity models and Ward identities: a review}",
    eprint = "2001.02631",
    archivePrefix = "arXiv",
    primaryClass = "hep-th",
    doi = "10.1140/epjp/s13360-021-01823-z",
    journal = "Eur. Phys. J. Plus",
    volume = "136",
    number = "9",
    pages = "982",
    year = "2021"
}

@article{Pithis:2020kio,
    author = {Pithis, Andreas G. A. and Th\"urigen, Johannes},
    title = "{Phase transitions in TGFT: functional renormalization group in the cyclic-melonic potential approximation and equivalence to O$(N)$ models}",
    eprint = "2009.13588",
    archivePrefix = "arXiv",
    primaryClass = "hep-th",
    doi = "10.1007/JHEP12(2020)159",
    journal = "JHEP",
    volume = "12",
    pages = "159",
    year = "2020"
}

@article{Pithis:2020sxm,
    author = {Pithis, Andreas G. A. and Th\"urigen, Johannes},
    title = "{(No) phase transition in tensorial group field theory}",
    eprint = "2007.08982",
    archivePrefix = "arXiv",
    primaryClass = "hep-th",
    doi = "10.1016/j.physletb.2021.136215",
    journal = "Phys. Lett. B",
    volume = "816",
    pages = "136215",
    year = "2021"
}

@article{Lahoche:2021nba,
    author = "Lahoche, Vincent and Natta, B\^em-Bi\'eri Barth\'el\'emy and Samary, Dine Ousmane",
    title = "{No Ward-Takahashi identity violation for an Abelian tensorial group field theories with closure constraint}",
    eprint = "2108.10979",
    archivePrefix = "arXiv",
    primaryClass = "hep-th",
    month = "8",
    year = "2021"
}


@article{Koslowski:2011vn,
    author = "Koslowski, Tim and Sahlmann, Hanno",
    title = "{Loop quantum gravity vacuum with nondegenerate geometry}",
    eprint = "1109.4688",
    archivePrefix = "arXiv",
    primaryClass = "gr-qc",
    reportNumber = "APCTP-PRE2011-012",
    doi = "10.3842/SIGMA.2012.026",
    journal = "SIGMA",
    volume = "8",
    pages = "026",
    year = "2012"
}

@article{Konopka:2008hp,
    author = "Konopka, Tomasz and Markopoulou, Fotini and Severini, Simone",
    title = "{Quantum Graphity: A Model of emergent locality}",
    eprint = "0801.0861",
    archivePrefix = "arXiv",
    primaryClass = "hep-th",
    reportNumber = "ITP-UU-08-02, SPIN-08-02",
    doi = "10.1103/PhysRevD.77.104029",
    journal = "Phys. Rev. D",
    volume = "77",
    pages = "104029",
    year = "2008"
}

@article{BenGeloun:2010qkf,
    author = "Ben Geloun, Joseph and Gurau, Razvan and Rivasseau, Vincent",
    title = "{EPRL/FK Group Field Theory}",
    eprint = "1008.0354",
    archivePrefix = "arXiv",
    primaryClass = "hep-th",
    reportNumber = "PI-QG-194, ICMPA-MPA-2010-15",
    doi = "10.1209/0295-5075/92/60008",
    journal = "EPL",
    volume = "92",
    number = "6",
    pages = "60008",
    year = "2010"
}

@article{Eichhorn:2018phj,
    author = "Eichhorn, Astrid and Koslowski, Tim and Pereira, Antonio D.",
    title = "{Status of background-independent coarse-graining in tensor models for quantum gravity}",
    eprint = "1811.12909",
    archivePrefix = "arXiv",
    primaryClass = "gr-qc",
    doi = "10.3390/universe5020053",
    journal = "Universe",
    volume = "5",
    number = "2",
    pages = "53",
    year = "2019"
}

@article{Oriti:2013jga,
    author = "Oriti, Daniele",
    title = "{Disappearance and emergence of space and time in quantum gravity}",
    eprint = "1302.2849",
    archivePrefix = "arXiv",
    primaryClass = "physics.hist-ph",
    reportNumber = "AEI-2013-050",
    doi = "10.1016/j.shpsb.2013.10.006",
    journal = "Stud. Hist. Phil. Sci. B",
    volume = "46",
    pages = "186--199",
    year = "2014"
}

@phdthesis{Charles:2016mjn,
    author = "Charles, Christoph",
    title = "{Renormalization and Coarse-graining of Loop Quantum Gravity}",
    eprint = "1705.10984",
    archivePrefix = "arXiv",
    primaryClass = "gr-qc",
    reportNumber = "tel-01429887, 2016LYSEN053",
    school = "Lyon, Ecole Normale Superieure",
    year = "2016"
}

@article{Benedetti:2011yb,
    author = "Benedetti, Dario and Speziale, Simone",
    editor = "Mena Marugan, Guillermo A. and Barbero, J. Fernando G. and Garay, Luis J. and Villasenor, Eduardo J. S. and Olmedo, Javier",
    title = "{Perturbative running of the Immirzi parameter}",
    eprint = "1111.0884",
    archivePrefix = "arXiv",
    primaryClass = "hep-th",
    reportNumber = "AEI-2011-082",
    doi = "10.1088/1742-6596/360/1/012011",
    journal = "J. Phys. Conf. Ser.",
    volume = "360",
    pages = "012011",
    year = "2012"
}

@article{Girelli:2009yz,
    author = "Girelli, Florian and Livine, Etera R. and Oriti, Daniele",
    title = "{4d Deformed Special Relativity from Group Field Theories}",
    eprint = "0903.3475",
    archivePrefix = "arXiv",
    primaryClass = "gr-qc",
    reportNumber = "ITP-UU-08-57, SPIN-08-44, AEI-2009-029",
    doi = "10.1103/PhysRevD.81.024015",
    journal = "Phys. Rev. D",
    volume = "81",
    pages = "024015",
    year = "2010"
}

@article{Girelli:2010ct,
    author = "Girelli, Florian and Livine, Etera R.",
    title = "{A Deformed Poincare Invariance for Group Field Theories}",
    eprint = "1001.2919",
    archivePrefix = "arXiv",
    primaryClass = "gr-qc",
    doi = "10.1088/0264-9381/27/24/245018",
    journal = "Class. Quant. Grav.",
    volume = "27",
    pages = "245018",
    year = "2010"
}

@article{Giulini:2009np,
    author = "Giulini, Domenico",
    title = "{The Superspace of Geometrodynamics}",
    eprint = "0902.3923",
    archivePrefix = "arXiv",
    primaryClass = "gr-qc",
    doi = "10.1007/s10714-009-0771-4",
    journal = "Gen. Rel. Grav.",
    volume = "41",
    pages = "785--815",
    year = "2009"
}

@phdthesis{Pereira:2010wzm,
    author = "Pereira, Roberto",
    title = "{Spinfoams from simplicial geometry}",
    school = "U. Mediterranee, Aix-Marseille II",
    year = "2010"
}

@article{Freidel:1999rr,
    author = "Freidel, L. and Krasnov, Kirill and Puzio, R.",
    title = "{BF description of higher dimensional gravity theories}",
    eprint = "hep-th/9901069",
    archivePrefix = "arXiv",
    reportNumber = "CGPG-99-1-1",
    doi = "10.4310/ATMP.1999.v3.n5.a3",
    journal = "Adv. Theor. Math. Phys.",
    volume = "3",
    pages = "1289--1324",
    year = "1999"
}

@article{Oriti:2015rwa,
    author = "Oriti, Daniele and Pranzetti, Daniele and Sindoni, Lorenzo",
    title = "{Horizon entropy from quantum gravity condensates}",
    eprint = "1510.06991",
    archivePrefix = "arXiv",
    primaryClass = "gr-qc",
    doi = "10.1103/PhysRevLett.116.211301",
    journal = "Phys. Rev. Lett.",
    volume = "116",
    number = "21",
    pages = "211301",
    year = "2016"
}

@article{Oriti:2018qty,
    author = "Oriti, Daniele and Pranzetti, Daniele and Sindoni, Lorenzo",
    title = "{Black Holes as Quantum Gravity Condensates}",
    eprint = "1801.01479",
    archivePrefix = "arXiv",
    primaryClass = "gr-qc",
    doi = "10.1103/PhysRevD.97.066017",
    journal = "Phys. Rev. D",
    volume = "97",
    number = "6",
    pages = "066017",
    year = "2018"
}

@article{Oriti:2015qva,
    author = "Oriti, Daniele and Pranzetti, Daniele and Ryan, James P. and Sindoni, Lorenzo",
    title = "{Generalized quantum gravity condensates for homogeneous geometries and cosmology}",
    eprint = "1501.00936",
    archivePrefix = "arXiv",
    primaryClass = "gr-qc",
    reportNumber = "AEI-2015-003",
    doi = "10.1088/0264-9381/32/23/235016",
    journal = "Class. Quant. Grav.",
    volume = "32",
    number = "23",
    pages = "235016",
    year = "2015"
}

@article{Speziale:2013ifa,
    author = "Speziale, Simone and Zhang, Mingyi",
    title = "{Null twisted geometries}",
    eprint = "1311.3279",
    archivePrefix = "arXiv",
    primaryClass = "gr-qc",
    doi = "10.1103/PhysRevD.89.084070",
    journal = "Phys. Rev. D",
    volume = "89",
    number = "8",
    pages = "084070",
    year = "2014"
}

@article{Ashtekar:2006wn,
    author = "Ashtekar, Abhay and Pawlowski, Tomasz and Singh, Parampreet",
    title = "{Quantum Nature of the Big Bang: Improved dynamics}",
    eprint = "gr-qc/0607039",
    archivePrefix = "arXiv",
    reportNumber = "IGPG-06-7-2",
    doi = "10.1103/PhysRevD.74.084003",
    journal = "Phys. Rev. D",
    volume = "74",
    pages = "084003",
    year = "2006"
}

@article{Livine:2018vxi,
    author = "Livine, Etera R.",
    title = "{Hamiltonian flows of Lorentzian polyhedra: Kapovich-Millson phase space and SU(1, 1) intertwiners}",
    eprint = "1807.06848",
    archivePrefix = "arXiv",
    primaryClass = "math-ph",
    doi = "10.1063/1.5048980",
    journal = "J. Math. Phys.",
    volume = "60",
    number = "1",
    pages = "012301",
    year = "2019"
}

@article{Jercher:2021bie,
    author = "Jercher, Alexander F. and Oriti, Daniele and Pithis, Andreas G. A.",
    title = "{Emergent cosmology from quantum gravity in the Lorentzian Barrett-Crane tensorial group field theory model}",
    eprint = "2112.00091",
    archivePrefix = "arXiv",
    primaryClass = "gr-qc",
    doi = "10.1088/1475-7516/2022/01/050",
    journal = "JCAP",
    volume = "01",
    number = "01",
    pages = "050",
    year = "2022"
}

@article{Bertan:2018khc,
    author = "Bertan, Igor and Sachs, Ivo",
    title = "{Loops in Anti\textendash{}de Sitter Space}",
    eprint = "1804.01880",
    archivePrefix = "arXiv",
    primaryClass = "hep-th",
    reportNumber = "LMU-ASC 16/18, LMU-ASC-16-18",
    doi = "10.1103/PhysRevLett.121.101601",
    journal = "Phys. Rev. Lett.",
    volume = "121",
    number = "10",
    pages = "101601",
    year = "2018"
}

@article{Bertan:2018afl,
    author = "Bertan, Igor and Sachs, Ivo and Skvortsov, Evgeny D.",
    title = "{Quantum $\phi^4$ Theory in AdS${}_4$ and its CFT Dual}",
    eprint = "1810.00907",
    archivePrefix = "arXiv",
    primaryClass = "hep-th",
    reportNumber = "LMU-ASC 63/18",
    doi = "10.1007/JHEP02(2019)099",
    journal = "JHEP",
    volume = "02",
    pages = "099",
    year = "2019"
}

@article{Jercher:2022mky,
    author = "Jercher, Alexander F. and Oriti, Daniele and Pithis, Andreas G. A.",
    title = "{Complete Barrett-Crane model and its causal structure}",
    eprint = "2206.15442",
    archivePrefix = "arXiv",
    primaryClass = "gr-qc",
    doi = "10.1103/PhysRevD.106.066019",
    journal = "Phys. Rev. D",
    volume = "106",
    number = "6",
    pages = "066019",
    year = "2022"
}

@article{Jercher:2023nxa,
    author = "Jercher, Alexander F. and Marchetti, Luca and Pithis, Andreas G. A.",
    title = "{Scalar cosmological perturbations from quantum entanglement within Lorentzian quantum gravity}",
    eprint = "2308.13261",
    archivePrefix = "arXiv",
    primaryClass = "gr-qc",
    doi = "10.1103/PhysRevD.109.066021",
    journal = "Phys. Rev. D",
    volume = "109",
    number = "6",
    pages = "066021",
    year = "2024"
}

@article{Jercher:2023kfr,
    author = "Jercher, Alexander F. and Marchetti, Luca and Pithis, Andreas G. A.",
    title = "{Scalar Cosmological Perturbations from Quantum Gravitational Entanglement}",
    eprint = "2310.17549",
    archivePrefix = "arXiv",
    primaryClass = "gr-qc",
    month = "10",
    year = "2023"
}

@article{Jercher:2023csk,
    author = "Jercher, Alexander F. and Steinhaus, Sebastian",
    title = "{Cosmology in Lorentzian Regge calculus: causality violations, massless scalar field and discrete dynamics}",
    eprint = "2312.11639",
    archivePrefix = "arXiv",
    primaryClass = "gr-qc",
    doi = "10.1088/1361-6382/ad37e9",
    journal = "Class. Quant. Grav.",
    volume = "41",
    number = "10",
    pages = "105008",
    year = "2024"
}

@article{Jordan:2013awa,
    author = "Jordan, S. and Loll, R.",
    title = "{Causal Dynamical Triangulations without Preferred Foliation}",
    eprint = "1305.4582",
    archivePrefix = "arXiv",
    primaryClass = "hep-th",
    doi = "10.1016/j.physletb.2013.06.007",
    journal = "Phys. Lett. B",
    volume = "724",
    pages = "155--159",
    year = "2013"
}

@book{jordan2013globally,
  title={Globally and locally causal dynamical triangulations},
  author={Jordan, Samo},
  year={2013},
  publisher={[Sl: sn]}
}

@book{VilenkinBook,
    author = "Gel'fand, I.M. and Graev, M. I. and Vilenkin, N. Ya. ",
    title = "{Generalized Functions: Volume 5, Integral Geometry and Representation Theory}",
    publisher = "Academic Press New York",
    year = "1966"
}

@book{GradshteynBook,
    author = "Gradshteyn, I. S. and Ryzhik M.",
    title = "Table of Integrals, Series, and Products",
    publisher = "	Academic Press",
    year = "1943"
}


@article{Livine:2002rh,
    author = "Livine, Etera R. and Oriti, Daniele",
    title = "{Implementing causality in the spin foam quantum geometry}",
    eprint = "gr-qc/0210064",
    archivePrefix = "arXiv",
    reportNumber = "DAMTP-2002-127",
    doi = "10.1016/S0550-3213(03)00378-X",
    journal = "Nucl. Phys. B",
    volume = "663",
    pages = "231--279",
    year = "2003"
}

@article{Bianchi:2021ric,
    author = "Bianchi, Eugenio and Martin-Dussaud, Pierre",
    title = "{Causal structure in spin-foams}",
    eprint = "2109.00986",
    archivePrefix = "arXiv",
    primaryClass = "gr-qc",
    month = "9",
    year = "2021"
}

@article{Barrett:2009gg,
    author = "Barrett, John W. and Dowdall, R. J. and Fairbairn, Winston J. and Gomes, Henrique and Hellmann, Frank",
    title = "{Asymptotic analysis of the EPRL four-simplex amplitude}",
    eprint = "0902.1170",
    archivePrefix = "arXiv",
    primaryClass = "gr-qc",
    doi = "10.1063/1.3244218",
    journal = "J. Math. Phys.",
    volume = "50",
    pages = "112504",
    year = "2009"
}

@article{Barrett:2009mw,
    author = "Barrett, John W. and Dowdall, R. J. and Fairbairn, Winston J. and Hellmann, Frank and Pereira, Roberto",
    title = "{Lorentzian spin foam amplitudes: Graphical calculus and asymptotics}",
    eprint = "0907.2440",
    archivePrefix = "arXiv",
    primaryClass = "gr-qc",
    doi = "10.1088/0264-9381/27/16/165009",
    journal = "Class. Quant. Grav.",
    volume = "27",
    pages = "165009",
    year = "2010"
}

@article{Freidel:1999jf,
    author = "Freidel, Laurent and Krasnov, Kirill",
    title = "{Simple spin networks as Feynman graphs}",
    eprint = "hep-th/9903192",
    archivePrefix = "arXiv",
    reportNumber = "CGPG-99-3-2, NSF-ITP-99-19",
    doi = "10.1063/1.533203",
    journal = "J. Math. Phys.",
    volume = "41",
    pages = "1681--1690",
    year = "2000"
}

@article{Baez:2001fh,
    author = "Baez, John C. and Barrett, John W.",
    title = "{Integrability for relativistic spin networks}",
    eprint = "gr-qc/0101107",
    archivePrefix = "arXiv",
    doi = "10.1088/0264-9381/18/21/316",
    journal = "Class. Quant. Grav.",
    volume = "18",
    pages = "4683--4700",
    year = "2001"
}

@article{Alexandrov:2005ar,
    author = "Alexandrov, Sergei and Kadar, Zoltan",
    title = "{Timelike surfaces in Lorentz covariant loop gravity and spin foam models}",
    eprint = "gr-qc/0501093",
    archivePrefix = "arXiv",
    reportNumber = "ITP-05-05, SPIN-05-03",
    doi = "10.1088/0264-9381/22/17/010",
    journal = "Class. Quant. Grav.",
    volume = "22",
    pages = "3491--3510",
    year = "2005"
}

@article{Gurau:2010nd,
    author = "Gurau, Razvan",
    title = "{Lost in Translation: Topological Singularities in Group Field Theory}",
    eprint = "1006.0714",
    archivePrefix = "arXiv",
    primaryClass = "hep-th",
    reportNumber = "PI-QG-187",
    doi = "10.1088/0264-9381/27/23/235023",
    journal = "Class. Quant. Grav.",
    volume = "27",
    pages = "235023",
    year = "2010"
}

@article{Baez:2002rx,
    author = "Baez, John C. and Christensen, J. Daniel and Egan, Greg",
    title = "{Asymptotics of 10j symbols}",
    eprint = "gr-qc/0208010",
    archivePrefix = "arXiv",
    doi = "10.1088/0264-9381/19/24/315",
    journal = "Class. Quant. Grav.",
    volume = "19",
    pages = "6489",
    year = "2002"
}

@article{Asante:2020iwm,
    author = "Asante, Seth K. and Dittrich, Bianca and Haggard, Hal M.",
    title = "{Discrete gravity dynamics from effective spin foams}",
    eprint = "2011.14468",
    archivePrefix = "arXiv",
    primaryClass = "gr-qc",
    doi = "10.1088/1361-6382/ac011b",
    journal = "Class. Quant. Grav.",
    volume = "38",
    number = "14",
    pages = "145023",
    year = "2021"
}

@article{Asante:2020qpa,
    author = "Asante, Seth K. and Dittrich, Bianca and Haggard, Hal M.",
    title = "{Effective Spin Foam Models for Four-Dimensional Quantum Gravity}",
    eprint = "2004.07013",
    archivePrefix = "arXiv",
    primaryClass = "gr-qc",
    doi = "10.1103/PhysRevLett.125.231301",
    journal = "Phys. Rev. Lett.",
    volume = "125",
    number = "23",
    pages = "231301",
    year = "2020"
}

@inbook{Asante:2022dnj,
    author = "Asante, Seth K. and Dittrich, Bianca and Steinhaus, Sebastian",
    title = "{Spin Foams, Refinement Limit, and Renormalization}",
    eprint = "2211.09578",
    archivePrefix = "arXiv",
    primaryClass = "gr-qc",
    doi = "10.1007/978-981-19-3079-9_106-1",
    year = "2023"
}

@article{Asante:2021zzh,
    author = "Asante, Seth K. and Dittrich, Bianca and Padua-Arguelles, Jos\'e",
    title = "{Effective spin foam models for Lorentzian quantum gravity}",
    eprint = "2104.00485",
    archivePrefix = "arXiv",
    primaryClass = "gr-qc",
    doi = "10.1088/1361-6382/ac1b44",
    journal = "Class. Quant. Grav.",
    volume = "38",
    number = "19",
    pages = "195002",
    year = "2021"
}

@article{Dona:2020tvv,
    author = "Don\`a, Pietro and Gozzini, Francesco and Sarno, Giorgio",
    title = "{Numerical analysis of spin foam dynamics and the flatness problem}",
    eprint = "2004.12911",
    archivePrefix = "arXiv",
    primaryClass = "gr-qc",
    doi = "10.1103/PhysRevD.102.106003",
    journal = "Phys. Rev. D",
    volume = "102",
    number = "10",
    pages = "106003",
    year = "2020"
}

@article{Allen:2022unb,
    author = "Allen, Courtney and Girelli, Florian and Steinhaus, Sebastian",
    title = "{Numerical evaluation of spin foam amplitudes beyond simplices}",
    eprint = "2201.09902",
    archivePrefix = "arXiv",
    primaryClass = "gr-qc",
    doi = "10.1103/PhysRevD.105.066003",
    journal = "Phys. Rev. D",
    volume = "105",
    number = "6",
    pages = "066003",
    year = "2022"
}

@article{Dona:2019dkf,
    author = "Don\`a, Pietro and Fanizza, Marco and Sarno, Giorgio and Speziale, Simone",
    title = "{Numerical study of the Lorentzian Engle-Pereira-Rovelli-Livine spin foam amplitude}",
    eprint = "1903.12624",
    archivePrefix = "arXiv",
    primaryClass = "gr-qc",
    doi = "10.1103/PhysRevD.100.106003",
    journal = "Phys. Rev. D",
    volume = "100",
    number = "10",
    pages = "106003",
    year = "2019"
}

@article{Oriti:2000hh,
    author = "Oriti, Daniele and Williams, Ruth M.",
    title = "{Gluing 4 simplices: A Derivation of the Barrett-Crane spin foam model for Euclidean quantum gravity}",
    eprint = "gr-qc/0010031",
    archivePrefix = "arXiv",
    doi = "10.1103/PhysRevD.63.024022",
    journal = "Phys. Rev. D",
    volume = "63",
    pages = "024022",
    year = "2001"
}

@article{Liu:2018gfc,
    author = "Liu, Hongguang and Han, Muxin",
    title = "{Asymptotic analysis of spin foam amplitude with timelike triangles}",
    eprint = "1810.09042",
    archivePrefix = "arXiv",
    primaryClass = "gr-qc",
    doi = "10.1103/PhysRevD.99.084040",
    journal = "Phys. Rev. D",
    volume = "99",
    number = "8",
    pages = "084040",
    year = "2019"
}

@article{Gurau:2010ba,
    author = "Gurau, Razvan",
    title = "{The 1/N expansion of colored tensor models}",
    eprint = "1011.2726",
    archivePrefix = "arXiv",
    primaryClass = "gr-qc",
    reportNumber = "PI-QG-201",
    doi = "10.1007/s00023-011-0101-8",
    journal = "Annales Henri Poincare",
    volume = "12",
    pages = "829--847",
    year = "2011"
}

@article{Gurau:2011aq,
    author = "Gurau, Razvan and Rivasseau, Vincent",
    title = "{The 1/N expansion of colored tensor models in arbitrary dimension}",
    eprint = "1101.4182",
    archivePrefix = "arXiv",
    primaryClass = "gr-qc",
    reportNumber = "PI-QG-209, pi-qg-209",
    doi = "10.1209/0295-5075/95/50004",
    journal = "EPL",
    volume = "95",
    number = "5",
    pages = "50004",
    year = "2011"
}

@article{Gurau:2011xq,
    author = "Gurau, Razvan",
    title = "{The complete 1/N expansion of colored tensor models in arbitrary dimension}",
    eprint = "1102.5759",
    archivePrefix = "arXiv",
    primaryClass = "gr-qc",
    reportNumber = "PI-QG-214",
    doi = "10.1007/s00023-011-0118-z",
    journal = "Annales Henri Poincare",
    volume = "13",
    pages = "399--423",
    year = "2012"
}

@article{Bonzom:2012hw,
    author = "Bonzom, Valentin and Gurau, Razvan and Rivasseau, Vincent",
    title = "{Random tensor models in the large N limit: Uncoloring the colored tensor models}",
    eprint = "1202.3637",
    archivePrefix = "arXiv",
    primaryClass = "hep-th",
    reportNumber = "PI-QG-259",
    doi = "10.1103/PhysRevD.85.084037",
    journal = "Phys. Rev. D",
    volume = "85",
    pages = "084037",
    year = "2012"
}

@article{Gurau:2013pca,
    author = "Gurau, Razvan",
    title = "{The 1/N Expansion of Tensor Models Beyond Perturbation Theory}",
    eprint = "1304.2666",
    archivePrefix = "arXiv",
    primaryClass = "math-ph",
    doi = "10.1007/s00220-014-1907-2",
    journal = "Commun. Math. Phys.",
    volume = "330",
    pages = "973--1019",
    year = "2014"
}

@article{BERG_2001,
	doi = {10.1142/s0129055x01000922},
  
	url = {https://doi.org/10.1142%2Fs0129055x01000922},
  
	year = 2001,
	month = {aug},
  
	publisher = {World Scientific Pub Co Pte Lt},
  
	volume = {13},
  
	number = {08},
  
	pages = {953--1034},
  
	author = {MARCUS BERG and C{\'{E}
}CILE DeWITT-MORETTE and SHANGJR GWO and ERIC KRAMER},
  
	title = {{THE} {PIN} {GROUPS} {IN} {PHYSICS}: C, P {AND} T},
  
	journal = {Reviews in Mathematical Physics}
}

@inproceedings{Gurau:2012vk,
    author = "Gurau, Razvan",
    title = "{A review of the 1/N expansion in random tensor models}",
    booktitle = "{17th International Congress on Mathematical Physics}",
    eprint = "1209.3252",
    archivePrefix = "arXiv",
    primaryClass = "math-ph",
    month = "9",
    year = "2012"
}

@article{Loll:2000my,
    author = "Loll, R.",
    editor = "Bhattacharya, T. and Gupta, R. and Patel, A.",
    title = "{Discrete Lorentzian quantum gravity}",
    eprint = "hep-th/0011194",
    archivePrefix = "arXiv",
    reportNumber = "AEI-2000-071",
    doi = "10.1016/S0920-5632(01)00957-4",
    journal = "Nucl. Phys. B Proc. Suppl.",
    volume = "94",
    pages = "96--107",
    year = "2001"
}

@article{Benedetti:2008hc,
    author = "Benedetti, Dario and Henson, Joe",
    title = "{Imposing causality on a matrix model}",
    eprint = "0812.4261",
    archivePrefix = "arXiv",
    primaryClass = "hep-th",
    reportNumber = "PI-QG-111",
    doi = "10.1016/j.physletb.2009.06.027",
    journal = "Phys. Lett. B",
    volume = "678",
    pages = "222--226",
    year = "2009"
}

@article{Malament,
author =    {Malament,David B. },
title =     {The class of continuous timelike curves determines the topology of spacetime},
journal =   {Journal of Mathematical Physics},
volume =    {18},
number =    {7},
pages =     {1399-1404},
year =      {1977},
doi =       {10.1063/1.523436},
URL =       {https://doi.org/10.1063/1.523436},
eprint =    {https://doi.org/10.1063/1.523436}
}

@book{HawkingBook, 
	Author = {Hawking, Stephen and Ellis, George},
	Publisher = {Cambridge University Press},
	Title = {The Large Scale Structure of Space-Time},
	Year = {1973}
}

@article{Dupuis:2010jn,
    author = "Dupuis, Maite and Livine, Etera R.",
    title = "{Lifting SU(2) Spin Networks to Projected Spin Networks}",
    eprint = "1008.4093",
    archivePrefix = "arXiv",
    primaryClass = "gr-qc",
    doi = "10.1103/PhysRevD.82.064044",
    journal = "Phys. Rev. D",
    volume = "82",
    pages = "064044",
    year = "2010"
}

@article{Neiman:2012fu,
    author = "Neiman, Yasha",
    title = "{Causal cells: spacetime polytopes with null hyperfaces}",
    eprint = "1212.2916",
    archivePrefix = "arXiv",
    primaryClass = "math.CO",
    month = "12",
    year = "2012"
}

@article{Gielen:2020fgi,
    author = "Gielen, Steffen and Polaczek, Axel",
    title = "{Hamiltonian group field theory with multiple scalar matter fields}",
    eprint = "2009.00615",
    archivePrefix = "arXiv",
    primaryClass = "gr-qc",
    doi = "10.1103/PhysRevD.103.086011",
    journal = "Phys. Rev. D",
    volume = "103",
    number = "8",
    pages = "086011",
    year = "2021"
}

@article{Gielen:2022iuu,
    author = "Gielen, Steffen and Mickel, Lisa",
    title = "{Gauge-invariant perturbations at a quantum gravity bounce}",
    eprint = "2211.04500",
    archivePrefix = "arXiv",
    primaryClass = "gr-qc",
    doi = "10.3390/universe9010029",
    journal = "Universe",
    volume = "9",
    pages = "29",
    year = "2023"
}

@article{Gielen:2017eco,
    author = "Gielen, Steffen and Oriti, Daniele",
    title = "{Cosmological perturbations from full quantum gravity}",
    eprint = "1709.01095",
    archivePrefix = "arXiv",
    primaryClass = "gr-qc",
    doi = "10.1103/PhysRevD.98.106019",
    journal = "Phys. Rev. D",
    volume = "98",
    number = "10",
    pages = "106019",
    year = "2018"
}

@article{Gielen:2018xph,
    author = "Gielen, Steffen",
    title = "{Inhomogeneous universe from group field theory condensate}",
    eprint = "1811.10639",
    archivePrefix = "arXiv",
    primaryClass = "gr-qc",
    doi = "10.1088/1475-7516/2019/02/013",
    journal = "JCAP",
    volume = "02",
    pages = "013",
    year = "2019"
}

@article{Gerhardt:2018byq,
    author = "Gerhardt, Florian and Oriti, Daniele and Wilson-Ewing, Edward",
    title = "{Separate universe framework in group field theory condensate cosmology}",
    eprint = "1805.03099",
    archivePrefix = "arXiv",
    primaryClass = "gr-qc",
    doi = "10.1103/PhysRevD.98.066011",
    journal = "Phys. Rev. D",
    volume = "98",
    number = "6",
    pages = "066011",
    year = "2018"
}

@article{Wilson-Ewing:2018mrp,
    author = "Wilson-Ewing, Edward",
    title = "{A relational Hamiltonian for group field theory}",
    eprint = "1810.01259",
    archivePrefix = "arXiv",
    primaryClass = "gr-qc",
    doi = "10.1103/PhysRevD.99.086017",
    journal = "Phys. Rev. D",
    volume = "99",
    number = "8",
    pages = "086017",
    year = "2019"
}

@article{Dittrich:2008va,
    author = "Dittrich, Bianca and Speziale, Simone",
    title = "{Area-angle variables for general relativity}",
    eprint = "0802.0864",
    archivePrefix = "arXiv",
    primaryClass = "gr-qc",
    reportNumber = "PI-QG-72",
    doi = "10.1088/1367-2630/10/8/083006",
    journal = "New J. Phys.",
    volume = "10",
    pages = "083006",
    year = "2008"
}

@article{Surya:2019ndm,
    author = "Surya, Sumati",
    title = "{The causal set approach to quantum gravity}",
    eprint = "1903.11544",
    archivePrefix = "arXiv",
    primaryClass = "gr-qc",
    doi = "10.1007/s41114-019-0023-1",
    journal = "Living Rev. Rel.",
    volume = "22",
    number = "1",
    pages = "5",
    year = "2019"
}

@article{Krajewski:2011zzu,
    author = "Krajewski, Thomas",
    editor = "Barrett, John and Giesel, Kristina and Hellmann, Frank and Jonke, Larisa and Krajewski, Thomas and Lewandowski, Jerzy and Rovelli, Carlo and Sahlmann, Hanno and Steinacker, Harold",
    title = "{Group field theories}",
    eprint = "1210.6257",
    archivePrefix = "arXiv",
    primaryClass = "gr-qc",
    doi = "10.22323/1.140.0005",
    journal = "PoS",
    volume = "QGQGS2011",
    pages = "005",
    year = "2011"
}

@article{Ambjorn:1991pq,
    author = "Ambjorn, Jan and Jurkiewicz, Jerzy",
    title = "{Four-dimensional simplicial quantum gravity}",
    reportNumber = "NBI-HE-91-60",
    doi = "10.1016/0370-2693(92)90709-D",
    journal = "Phys. Lett. B",
    volume = "278",
    pages = "42--50",
    year = "1992"
}

@article{Loll:1998aj,
    author = "Loll, Renate",
    title = "{Discrete approaches to quantum gravity in four-dimensions}",
    eprint = "gr-qc/9805049",
    archivePrefix = "arXiv",
    reportNumber = "AEI-063A, AEI-063",
    doi = "10.12942/lrr-1998-13",
    journal = "Living Rev. Rel.",
    volume = "1",
    pages = "13",
    year = "1998"
}

@article{Ambjorn:2001br,
    author = "Ambjorn, Jan and Jurkiewicz, J. and Loll, R. and Vernizzi, G.",
    title = "{Lorentzian 3-D gravity with wormholes via matrix models}",
    eprint = "hep-th/0106082",
    archivePrefix = "arXiv",
    reportNumber = "AEI-2001-056",
    doi = "10.1088/1126-6708/2001/09/022",
    journal = "JHEP",
    volume = "09",
    pages = "022",
    year = "2001"
}

@article{Eichhorn:2020sla,
    author = "Eichhorn, Astrid and Pereira, Antonio D. and Pithis, Andreas G. A.",
    title = "{The phase diagram of the multi-matrix model with ABAB-interaction from functional renormalization}",
    eprint = "2009.05111",
    archivePrefix = "arXiv",
    primaryClass = "gr-qc",
    doi = "10.1007/JHEP12(2020)131",
    journal = "JHEP",
    volume = "12",
    pages = "131",
    year = "2020"
}

@article{Eichhorn:2019hsa,
    author = "Eichhorn, Astrid and Lumma, Johannes and Pereira, Antonio D. and Sikandar, Arslan",
    title = "{Universal critical behavior in tensor models for four-dimensional quantum gravity}",
    eprint = "1912.05314",
    archivePrefix = "arXiv",
    primaryClass = "gr-qc",
    doi = "10.1007/JHEP02(2020)110",
    journal = "JHEP",
    volume = "02",
    pages = "110",
    year = "2020"
}

@article{Castro:2020dzt,
    author = "Castro, Alicia and Koslowski, Tim",
    title = "{Renormalization Group Approach to the Continuum Limit of Matrix Models of Quantum Gravity with Preferred Foliation}",
    eprint = "2008.10090",
    archivePrefix = "arXiv",
    primaryClass = "gr-qc",
    doi = "10.3389/fphy.2021.531766",
    journal = "Front. in Phys.",
    volume = "9",
    pages = "114",
    year = "2021"
}

@article{Alesci:2007tx,
    author = "Alesci, Emanuele and Rovelli, Carlo",
    title = "{The Complete LQG propagator. I. Difficulties with the Barrett-Crane vertex}",
    eprint = "0708.0883",
    archivePrefix = "arXiv",
    primaryClass = "gr-qc",
    doi = "10.1103/PhysRevD.76.104012",
    journal = "Phys. Rev. D",
    volume = "76",
    pages = "104012",
    year = "2007"
}

@book{kroon2016conformal,
  title={Conformal methods in general relativity},
  author={Kroon, Juan A Valiente},
  year={2016},
  publisher={Cambridge University Press}
}

@article{Bianchi:2010bn,
    author = "Bianchi, Eugenio and Han, Muxin and Rovelli, Carlo and Wieland, Wolfgang and Magliaro, Elena and Perini, Claudio",
    title = "{Spinfoam fermions}",
    eprint = "1012.4719",
    archivePrefix = "arXiv",
    primaryClass = "gr-qc",
    doi = "10.1088/0264-9381/30/23/235023",
    journal = "Class. Quant. Grav.",
    volume = "30",
    pages = "235023",
    year = "2013"
}

@article{Jubb:2016mbi,
    author = "Jubb, Ian",
    title = "{The Geometry of Small Causal Cones}",
    eprint = "1611.00785",
    archivePrefix = "arXiv",
    primaryClass = "gr-qc",
    doi = "10.1088/1361-6382/aa68b7",
    journal = "Class. Quant. Grav.",
    volume = "34",
    number = "9",
    pages = "094005",
    year = "2017"
}

@article{Roy:2012uz,
    author = "Roy, Mriganko and Sinha, Debdeep and Surya, Sumati",
    title = "{Discrete geometry of a small causal diamond}",
    eprint = "1212.0631",
    archivePrefix = "arXiv",
    primaryClass = "gr-qc",
    doi = "10.1103/PhysRevD.87.044046",
    journal = "Phys. Rev. D",
    volume = "87",
    number = "4",
    pages = "044046",
    year = "2013"
}

@article{Gibbons:2007nm,
    author = "Gibbons, G. W. and Solodukhin, S. N.",
    title = "{The Geometry of small causal diamonds}",
    eprint = "hep-th/0703098",
    archivePrefix = "arXiv",
    reportNumber = "DAMTP-2007-22",
    doi = "10.1016/j.physletb.2007.03.068",
    journal = "Phys. Lett. B",
    volume = "649",
    pages = "317--324",
    year = "2007"
}

@article{Penrose1962,
	doi = {10.1088/0370-1328/79/3/318},
	url = {https://doi.org/10.1088/0370-1328/79/3/318},
	year = 1962,
	month = {mar},
	publisher = {{IOP} Publishing},
	volume = {79},
	number = {3},
	pages = {605--616},
	author = {O Penrose and I C Percival},
	title = {The Direction of Time},
	journal = {Proceedings of the Physical Society},
	abstract = {A law is postulated which describes the asymmetry of probability distributions under time reversal. Briefly, it states that influences coming from infinity in different directions are statistically independent; a precise statement of the law is provided. This irreversible statistical law supplements the reversible dynamical laws of classical relativistic fields and particles, and from it the time direction of irreversible physical processes can be derived. This is illustrated by deriving the time direction of (i) electromagnetic waves radiated from a dipole, (ii) the scattering of beams of particles, and (iii) recording processes. A restricted law of increasing entropy is also obtained, and some cosmological implications of the theory are indicated. No attempt is made to derive detailed kinetic equations for the irreversible processes in many-particle systems. To ensure that all temporal asymmetries in the theory derive from the postulated law, a symmetric definition of probability is provided.}
}

@article{Khetrapal:2012ux,
    author = "Khetrapal, Surbhi and Surya, Sumati",
    title = "{Boundary Term Contribution to the Volume of a Small Causal Diamond}",
    eprint = "1212.0629",
    archivePrefix = "arXiv",
    primaryClass = "gr-qc",
    doi = "10.1088/0264-9381/30/6/065005",
    journal = "Class. Quant. Grav.",
    volume = "30",
    pages = "065005",
    year = "2013"
}

@article{deBoer:2016pqk,
    author = "de Boer, Jan and Haehl, Felix M. and Heller, Michal P. and Myers, Robert C.",
    title = "{Entanglement, holography and causal diamonds}",
    eprint = "1606.03307",
    archivePrefix = "arXiv",
    primaryClass = "hep-th",
    doi = "10.1007/JHEP08(2016)162",
    journal = "JHEP",
    volume = "08",
    pages = "162",
    year = "2016"
}

@article{Bousso:2000nf,
    author = "Bousso, Raphael",
    title = "{Positive vacuum energy and the N bound}",
    eprint = "hep-th/0010252",
    archivePrefix = "arXiv",
    reportNumber = "NSF-ITP-00-113",
    doi = "10.1088/1126-6708/2000/11/038",
    journal = "JHEP",
    volume = "11",
    pages = "038",
    year = "2000"
}

@article{Engle:2007uq,
    author = "Engle, Jonathan and Pereira, Roberto and Rovelli, Carlo",
    title = "{The Loop-quantum-gravity vertex-amplitude}",
    eprint = "0705.2388",
    archivePrefix = "arXiv",
    primaryClass = "gr-qc",
    doi = "10.1103/PhysRevLett.99.161301",
    journal = "Phys. Rev. Lett.",
    volume = "99",
    pages = "161301",
    year = "2007"
}

@article{Matschull:1997du,
    author = "Matschull, Hans-Juergen and Welling, Max",
    title = "{Quantum mechanics of a point particle in (2+1)-dimensional gravity}",
    eprint = "gr-qc/9708054",
    archivePrefix = "arXiv",
    reportNumber = "THU-97-22",
    doi = "10.1088/0264-9381/15/10/008",
    journal = "Class. Quant. Grav.",
    volume = "15",
    pages = "2981--3030",
    year = "1998"
}

@article{tHooft:1993jwb,
    author = "'t Hooft, Gerard",
    title = "{Canonical quantization of gravitating point particles in (2+1)-dimensions}",
    eprint = "gr-qc/9305008",
    archivePrefix = "arXiv",
    reportNumber = "THU-93-10",
    doi = "10.1088/0264-9381/10/8/022",
    journal = "Class. Quant. Grav.",
    volume = "10",
    pages = "1653--1664",
    year = "1993"
}

@Article{Brukner2014,
    author={Brukner, {\v{C}}aslav},
    title={Quantum causality},
    journal={Nature Physics},
    year={2014},
    month={Apr},
    day={01},
    volume={10},
    number={4},
    pages={259-263},
    abstract={Traditionally, quantum theory assumes the existence of a fixed background causal structure. But if the laws of quantum mechanics are applied to the causal relations, then one could imagine situations in which the causal order of events is not always fixed, but is subject to quantum uncertainty. Such indefinite causal structures could make new quantum information processing tasks possible and provide methodological tools in quantum theories of gravity. Here, I review recent theoretical progress in this emerging area.},
    issn={1745-2481},
    doi={10.1038/nphys2930},
    url={https://doi.org/10.1038/nphys2930}
}

@article{Janssens:2017fgb,
    author = "Janssens, Bas",
    title = "{Pin Groups in General Relativity}",
    eprint = "1709.02742",
    archivePrefix = "arXiv",
    primaryClass = "hep-th",
    doi = "10.1103/PhysRevD.101.021702",
    journal = "Phys. Rev. D",
    volume = "101",
    number = "2",
    pages = "021702",
    year = "2020"
}

@article{Markopoulou:1997wi,
    author = "Markopoulou, Fotini and Smolin, Lee",
    title = "{Causal evolution of spin networks}",
    eprint = "gr-qc/9702025",
    archivePrefix = "arXiv",
    reportNumber = "CGPG-97-2-1, CGPG-97-2-2A",
    doi = "10.1016/S0550-3213(97)00488-4",
    journal = "Nucl. Phys. B",
    volume = "508",
    pages = "409--430",
    year = "1997"
}

@article{Markopoulou:1999ht,
    author = "Markopoulou, Fotini",
    editor = "de Alfaro, Vittorio and Nelson, J. E. and Cadoni, M. and Cavaglia, M. and Filippov, A.",
    title = "{An Insider's guide to quantum causal histories}",
    eprint = "hep-th/9912137",
    archivePrefix = "arXiv",
    doi = "10.1016/S0920-5632(00)00791-X",
    journal = "Nucl. Phys. B Proc. Suppl.",
    volume = "88",
    pages = "308--313",
    year = "2000"
}

@article{Markopoulou:1999cz,
    author = "Markopoulou, Fotini",
    title = "{Quantum causal histories}",
    eprint = "hep-th/9904009",
    archivePrefix = "arXiv",
    reportNumber = "CGPG-99-3-4",
    doi = "10.1088/0264-9381/17/10/302",
    journal = "Class. Quant. Grav.",
    volume = "17",
    pages = "2059--2072",
    year = "2000"
}

@article{Dona:2021ldn,
    author = "Don\`a, Pietro and Gozzini, Francesco and Nicotra, Alessandro",
    title = "{Wick rotation for spin foam quantum gravity}",
    eprint = "2106.14672",
    archivePrefix = "arXiv",
    primaryClass = "gr-qc",
    doi = "10.1103/PhysRevD.104.126008",
    journal = "Phys. Rev. D",
    volume = "104",
    number = "12",
    pages = "126008",
    year = "2021"
}


@Comment{jabref-meta: databaseType:bibtex;}



